2812 5070
411 340 460 402 ,ite
485 337 772 403 Benedictionibus.
1049 326 1113 388 259

57 445 227 512 clementio
249 452 311 511 tute
333 446 570 531 propitietienis
591 446 754 531 anticipet.
783 448 846 512 Per
868 445 1026 512 Christum
1052 446 1119 511 De-

56 553 182 619 minum
205 559 363 618 nostrum.

130 678 167 760 p.
185 659 299 726 Amen.

129 777 254 844 Deinde
274 778 427 844 Sacerdos
449 779 634 861 genuflectit
655 788 727 844 ante
751 778 875 860 Altero,
907 786 939 843 ct
969 798 1003 843 se
1031 781 1123 862 signo

61 884 175 952 Crucis
196 889 359 968 muniens,
393 886 477 951 olore
499 905 578 950 voce
601 887 699 950 dicit:
717 886 825 968 Deus,
857 887 891 950 in
924 884 1119 970 adjuterium

56 1009 166 1058 meum
181 992 332 1074 intende,
362 997 432 1057 tum
447 992 573 1074 surgit,
598 998 630 1056 et
646 991 790 1067 Chorus,
809 1010 864 1056 seu
879 989 1039 1057 adstantes
1054 992 1125 1058 Cle·

63 1097 123 1164 rici
145 1097 365 1182 respondent:
390 1097 549 1180 Demine,
581 1096 622 1162 nd
653 1095 870 1180 adjuvtndum
895 1115 947 1162 me
976 1096 1117 1182 festine,

62 1208 98 1266 et
119 1202 275 1268 Sacerdos
297 1210 404 1286 stans,
429 1203 525 1269 dicit:
541 1203 650 1267 Gleriu
671 1203 782 1286 Petri,
807 1208 840 1267 et
860 1203 965 1285 Filio,
990 1210 1023 1270 et
1044 1205 1118 1288 Spi-
1200 1257 1202 1263 .

57 1309 136 1374 ritui
162 1311 292 1376 smero.

132 1417 169 1498 td.
185 1417 272 1481 Sicut
293 1422 363 1482 eret
384 1417 419 1480 in
435 1417 616 1500 principio,
640 1420 673 1479 et
688 1434 798 1498 nunc,
822 1420 855 1480 et
870 1433 1019 1501 semper,
1037 1422 1070 1481 et
1085 1416 1118 1481 in

56 1521 172 1587 meula
191 1523 392 1588 occulerunt.
416 1525 528 1586 Amen.

132 1613 204 1696 Quo
227 1616 337 1699 dicto,
362 1617 517 1682 Sacerdos
532 1618 684 1696 inchoat,
709 1618 801 1682 Clcro
818 1625 1043 1704 prosequente,
1058 1622 1123 1685 An·

63 1719 259 1809 tiphonem:
280 1725 422 1808 Euerget
443 1726 551 1807 Deus,
574 1732 608 1791 et
629 1725 822 1809 dissipentur
837 1724 955 1789 numici
974 1720 1070 1807 ejus,
1085 1729 1119 1788 et

55 1829 208 1916 idgimt,
230 1833 288 1916 qui
309 1830 447 1897 oderunt
468 1850 563 1915 eum,
593 1850 612 1896 a
630 1831 712 1896 fecie
732 1830 812 1915 ejus.

481 1983 622 2049 Psolmus
645 1986 698 2050 67.

63 2146 311 2320 Hiems
339 2145 516 2214 bencdtcitc
551 2147 621 2211 Deo
651 2146 818 2230 Demino,
861 2145 871 2172 ¹
902 2145 943 2212 de
975 2142 1120 2210 sentibus

397 2355 562 2438 Repetitur
584 2354 780 2436 Antiphone.

133 2460 187 2528 lbi
208 2463 372 2529 Beniamin
393 2461 669 2545 adolescentulus,
696 2460 707 2483 '
727 2464 762 2528 in
783 2464 898 2528 mentis
918 2462 1059 2527 excesso.

399 2565 565 2650 Repetitur
588 2565 783 2649 Antiphone.

133 2673 296 2758 Principes
312 2671 415 2754 Judn,
446 2672 543 2738 duces
574 2671 703 2736 cerum:
732 2670 927 2754 'Principes
948 2670 1118 2753 zebulon,

58 2777 226 2863 Principes
246 2777 406 2862 Nephtnli.

405 2889 570 2970 Repetitur
593 2889 785 2971 Antiphone.

132 2989 267 3073 Mandu,
282 2991 386 3071 Dens,
399 2990 512 3055 virtdti
526 2997 611 3078 tute:
638 2991 650 3018 ·
670 2987 825 3054 confirmo
839 2987 917 3068 hoc,
931 2987 1016 3052 Deus
1028 2985 1119 3071 qood

60 3097 215 3183 operetus
236 3114 270 3162 es
291 3097 326 3161 in
348 3095 452 3162 nobis.

399 3206 562 3289 Repetitur
586 3205 780 3288 Antiphone.

115 3312 157 3372 ,Α
179 3305 301 3390 templo
323 3312 434 3372 suncto
456 3312 514 3371 too
531 3307 565 3371 in
582 3303 775 3386 Jerr'rsnlem,
804 3311 814 3336 ·
836 3302 897 3369 tibi
914 3301 1050 3368 efferent
1066 3320 1121 3368 ro·
1230 3389 1233 3395 Ι

60 3429 117 3496 ges
138 3412 284 3476 menore.

400 3521 564 3603 Repetitur
588 3522 780 3603 Antiphone.

131 3623 270 3705 increpo
306 3620 389 3686 ieras
423 3620 608 3702 arendinis,
647 3620 854 3702 congregetio
889 3618 1055 3682 tumetum
1086 3617 1121 3683 in

60 3727 167 3794 unceis
187 3727 403 3813 populeium:
432 3737 442 3754 ·
466 3735 502 3792 ut
524 3726 691 3792 eretddnnt
713 3744 792 3805 eos,
818 3723 873 3808 qui
895 3721 1025 3806 probeti
1045 3731 1120 3791 sunt

61 3834 206 3915 argento.

406 3945 560 4026 Repetitio
592 3943 784 4026 irreptione.

132 4043 258 4126 dissipa
279 4043 414 4123 Gentes,
445 4061 516 4126 qum
536 4041 620 4107 bede
641 4041 778 4107 volunt:
809 4041 937 4104 venient
963 4038 1058 4120 legeti
1082 4056 1121 4102 ex

61 4149 225 4233 mgypto:
255 4153 267 4173 ⁶
288 4149 447 4234 AEthiepio
469 4151 640 4234 praeveniet
660 4167 773 4214 monus
795 4146 863 4231 ejus
884 4149 966 4211 Deo.

1191 4208 1336 4416 Υ
