2782 4696
531 276 650 337 llituule
676 279 863 338 llotueuuut.

279 735 355 799 nunt
390 748 435 797 no
640 725 705 797 bb.

233 928 401 1009 Repetitur
423 927 619 1010 Antiphone.
648 932 796 1019 Exurge,
821 939 885 1000 ete,

234 1032 356 1096 Deinde
378 1033 589 1113 genuflectent
609 1050 738 1095 omnes:
764 1039 797 1096 et
816 1031 880 1095 dno
899 1031 1010 1095 Clerici
1029 1030 1199 1095 antestare

169 1135 269 1220 majus
291 1137 467 1219 genuflexi,
493 1138 608 1201 devote
630 1137 768 1201 Litenies
785 1144 910 1200 contere
926 1138 1102 1220 incipient,
1124 1143 1197 1199 eete-

168 1243 212 1307 ris
234 1243 345 1307 eedem
367 1263 445 1306 voee
465 1243 741 1325 respondentibus.
762 1245 840 1307 Cum
853 1251 960 1306 etitem
975 1243 1194 1306 contutumerit:

207 1781 361 1853 bonon
408 1785 536 1852 Meri
601 1804 641 1866 a,
694 1785 957 1870 Omprono
1000 1783 1066 1852 bis.

168 1988 306 2067 Surgunt
333 2004 463 2067 omme,
497 1993 529 2048 et
555 1985 726 2050 ordinatim
758 1985 962 2069 procedunt,
1002 1986 1197 2068 egredientes,

167 2089 369 2172 biteniesque
392 2099 642 2173 prosequentes,
666 2091 863 2173 praeeedente.
886 2092 1006 2172 Cruee,
1031 2096 1199 2173 etsequeme

167 2194 281 2276 Clero,
299 2196 413 2259 ultimo
430 2197 504 2260 loeo
522 2196 673 2260 Sacerdos
690 2204 838 2278 perutile,
864 2203 1010 2278 utsupra
1024 2198 1139 2261 (lictum
1153 2204 1199 2260 est,

167 2317 239 2363 eum
262 2302 432 2371 ministris,
457 2310 556 2384 prout
578 2322 647 2377 res,
672 2302 722 2363 vel
744 2302 833 2365 loeus
855 2303 1021 2384 postulat,
1046 2304 1138 2367 sueris
1160 2319 1202 2361 ue·

167 2404 266 2469 stibus
287 2407 417 2470 indutis.

232 2514 263 2576 Si
285 2515 448 2577 Processio
474 2517 514 2577 sil
534 2514 683 2595 longior,
709 2515 758 2576 vel
782 2520 967 2596 repetentur
993 2516 1138 2592 litenis,
1168 2512 1205 2573 ul

166 2619 295 2686 nitentis
307 2621 460 2686 absolutis
476 2640 577 2704 nsque
595 2621 634 2685 ed
652 2624 765 2685 Preces
779 2621 955 2702 exclusive,
972 2622 1116 2686 dicautur
1128 2622 1205 2702 aliqu

166 2727 282 2791 Psalmi
305 2746 343 2792 ex
366 2728 657 2810 Poenitentiolibus,
682 2747 737 2791 seu
754 2728 976 2791 Grudnulibus.
995 2731 1117 2812 llpmni
1133 2743 1207 2799 rere,

165 2832 216 2896 vel
240 2834 367 2897 Centies
390 2834 502 2898 loetitiee
522 2835 556 2895 in
580 2834 639 2912 iis,
665 2833 712 2896 vel
736 2835 769 2896 in
791 2834 1052 2912 negationibus,
1082 2840 1134 2896 ant
1155 2831 1209 2894 eliis

167 2939 357 3017 poenitentiae
380 2959 471 3002 eouso
494 2941 644 3002 institutis
665 2939 950 3019 processionibus,
973 2959 1041 3002 nou
1066 2939 1208 3002 dieantur.

232 3044 262 3105 Si
286 3043 327 3106 ud
351 3065 463 3125 unum,
498 3045 547 3106 rel
571 3045 679 3127 plures
701 3046 855 3109 Ecclesiae
875 3048 908 3109 in
930 3047 982 3109 ria
1002 3048 1043 3108 sit
1064 3045 1211 3108 diverten-

167 3146 263 3229 dum,
281 3150 427 3231 ingressis
445 3151 627 3232 Ecclesiam,
644 3152 894 3234 intermissisqne
908 3152 1056 3231 Liuentis,
1073 3152 1122 3214 vel
1138 3150 1212 3215 Psel-

166 3255 249 3334 mis‚
277 3261 422 3318 eenlntnr
443 3257 628 3339 tlntiphonn
652 3277 724 3321 cum
752 3260 851 3321 Versu
881 3264 913 3322 et
941 3258 1094 3322 Oratione
1122 3260 1212 3320 Sourt:

166 3360 294 3424 Petroni
309 3360 394 3424 illius
418 3363 571 3426 Ecclesiae.
592 3362 713 3426 Deinde
730 3364 943 3444 egredientes,
962 3366 1132 3445 resumptis
1148 3366 1213 3425 t‘re-

166 3462 276 3546 eibos,
301 3465 414 3530 eodem
437 3467 549 3531 ordine
568 3469 748 3551 procedunt
770 3488 871 3551 usque
892 3469 931 3531 ed
949 3469 1144 3547 Ecclesium,
1168 3467 1215 3529 ou

166 3588 239 3632 enm
259 3572 410 3636 Precibus
433 3580 465 3635 et
487 3574 691 3638 Orationibus
715 3576 862 3638 omnibus
881 3576 1047 3639 Proeessio
1072 3582 1214 3637 terremu-

165 3680 240 3755 lur,
266 3684 302 3739 nt
322 3678 356 3740 in
383 3678 443 3741 fine
467 3681 617 3743 Breviorii
649 3683 781 3744 llornoui
804 3689 877 3763 post
903 3682 1047 3744 t‘sulmos
1067 3683 1214 3744 Pluribu-

169 3781 267 3844 linies.

230 3889 268 3952 In
283 3892 413 3953 litaniis
431 3892 605 3956 minoribns
622 3893 835 3973 ttogoliouum
853 3900 1019 3956 seruentur
1036 3895 1163 3956 omnio.
1189 3899 1215 3951 ut

166 4010 262 4074 supra
283 3997 318 4061 in
339 3998 470 4061 biteniis
493 3997 677 4080 majoribus.
