2782 4696
165 277 229 340 238
523 279 643 345 ittiuuie
667 280 852 344 Rurnunnm.

232 397 408 472 uenedIcut
427 397 489 463 tibi
509 396 665 463 Diminus
685 413 724 461 ex
745 395 841 461 Sion:
863 398 877 424 ‘
903 400 935 460 et
950 394 1062 460 videus
1074 393 1213 459 bonate·

165 505 303 572 nisulem
325 503 473 571 ‹imnibus
495 503 610 570 diebus
629 503 702 569 vite
723 507 798 568 ture.

236 618 278 683 Εἰ
297 610 407 676 videus
421 609 506 675 filios
517 609 659 674 iilidrum
673 608 825 691 tudrum,
842 592 986 693 (mirem
997 626 1097 692 super
1110 605 1204 670 [eruci.

230 718 347 788 (ildriu
367 718 476 799 Petri,
503 722 567 781 ete.

231 830 425 913 Antiphone.
449 824 531 888 Ecce
553 840 599 887 nc
613 819 819 887 benedicetur
833 819 953 904 homo,
971 820 1029 904 qui
1050 819 1138 883 timet
1151 817 1198 880 nt

167 947 300 995 minum.
1231 942 1233 947 ·

232 1036 334 1122 kyrie
356 1036 488 1102 eleison.
514 1034 643 1101 (ihr-iste
664 1033 795 1101 eleison.
822 1027 928 1119 Kyrie
944 1032 1077 1098 eleison.

230 1149 332 1209 Peter
352 1149 474 1210 noster.
1024 1151 1032 1169 ·

232 1249 267 1323 i.
293 1253 333 1315 Et
353 1268 395 1316 ne
415 1268 475 1315 nos
496 1249 629 1316 indueus
650 1249 684 1315 in
705 1247 926 1314 tentetidnem.

231 1364 267 1443 u).
293 1356 353 1422 Sed
374 1355 476 1422 libers
498 1375 558 1423 nos
578 1374 598 1421 u
621 1356 718 1422 mulo.

233 1461 268 1535 i.
293 1463 477 1547 Benedicti,
501 1464 559 1548 qui
582 1462 715 1529 veniunt
737 1462 771 1528 in
793 1462 922 1528 nimine
943 1461 1087 1526 Dimini.

232 1576 269 1655 ις.
294 1569 458 1636 Benedicti
474 1589 534 1635 vus
546 1588 565 1634 ιι
578 1569 736 1652 nemim,
754 1569 811 1653 qui
823 1568 901 1635 iecit
914 1569 1028 1634 culum
1043 1573 1076 1633 et
1090 1573 1190 1630 terrum

233 1675 270 1747 i.
295 1677 449 1763 Respice,
464 1677 616 1759 nimine,
634 1678 669 1741 in
690 1694 800 1742 seruus
813 1682 905 1758 tuos,
922 1682 955 1740 et
970 1676 1006 1740 in
1021 1675 1179 1760 epuratur.

236 1789 271 1868 ις.
298 1784 338 1847 nt
359 1782 463 1866 dirige
484 1802 539 1848 eos
560 1782 595 1847 in
616 1783 700 1848 dum
721 1781 945 1848 mendutdrum
967 1781 1109 1846 tudmm.

234 1888 270 1962 i.
294 1890 451 1972 Dimine,
475 1889 590 1954 exindi
612 1889 791 1954 orutidnem
816 1905 932 1954 meum.

234 2002 269 2081 nj.
294 1996 335 2058 Et
358 1995 478 2060 clumur
501 2014 590 2060 mens
614 1994 654 2060 ud
679 2001 713 2060 te
735 1994 853 2059 veniet.

233 2102 268 2174 ιἰ.
294 2100 450 2166 deinus
471 2101 650 2166 vobiscum.

233 2214 269 2290 n).
295 2209 336 2272 Et
357 2225 431 2272 cum
452 2209 567 2290 spiritu
588 2215 659 2274 tuo.

618 2314 769 2382 (tremus.

168 2428 205 2591 Ι
243 2419 364 2502 argine,
389 2438 567 2504 quesumus
589 2422 744 2505 Dimine,
770 2419 896 2487 fdmnds
916 2421 981 2486 tuis
994 2418 1214 2501 indulgentium

206 2526 384 2608 ‚inlecitus
406 2531 439 2591 et
459 2545 592 2611 pacem:
615 2534 652 2592 ut
672 2529 791 2611 pir-iter
805 2528 846 2593 ub
868 2525 1019 2593 ‹imnibus
1032 2525 1217 2590 mundc'utrn

170 2633 321 2714 offensis,
345 2640 378 2698 et
400 2635 509 2699 secure
525 2633 587 2700 tibi
605 2641 711 2700 mente
734 2634 923 2700 deserviunt.

247 2741 428 2824 mnipotens
454 2741 643 2824 sempiterne
672 2743 777 2823 Deus,
804 2742 989 2808 nostrerum
1017 2741 1219 2825 temporum,

246 2848 383 2930 rituque
410 2846 600 2932 dispuetur,
625 2848 752 2914 idmulis
773 2850 836 2913 tuis
858 2848 1016 2914 conunuoe
1044 2845 1221 2930 tranquilli·

169 2952 242 3015 tttis
265 2952 380 3034 largire
400 2953 596 3019 subsidium:
620 2961 658 3019 ut
677 2973 759 3038 qnos
781 2953 955 3020 inceiumes
979 2952 1122 3037 propriis
1138 2950 1223 3015 inbc-

170 3056 258 3120 ribus
280 3056 469 3139 reddidisti,
493 3066 549 3124 tue
569 3059 665 3125 ficies
685 3061 885 3144 protecdcne
905 3058 1047 3124 securos.

170 3168 329 3329 Deus,
355 3164 521 3230 humilium
542 3167 709 3248 enititur,
734 3168 791 3250 qni
811 3184 871 3231 nos
892 3165 1033 3231 nucem
1056 3163 1224 3230 dilectidne

251 3269 446 3335 consulitis:
473 3272 633 3355 pretende
656 3275 802 3338 societiti
823 3277 941 3338 nosicae
965 3271 1104 3354 gritium
1125 3276 1222 3348 ium,

170 3377 207 3435 ut
229 3391 288 3455 per
311 3393 385 3455 eus,
408 3376 443 3441 in
465 3378 582 3459 quibus
604 3378 746 3460 hebius,
769 3385 861 3443 tuum
883 3378 918 3442 in
938 3376 1033 3442 nobis
1054 3377 1225 3441 sendimus

168 3480 352 3545 adventum.
370 3485 432 3547 Per
448 3485 620 3551 neminum
635 3494 780 3551 nostrum
794 3488 902 3551 Jesum
918 3486 1101 3564 Christum,
1119 3489 1182 3549 etc.

235 3581 356 3646 Deinde
380 3590 585 3665 asperguntur
609 3584 700 3665 iqua
723 3582 889 3647 benedicte
917 3600 935 3646 u
960 3582 1152 3661 Sacerdote,
1177 3579 1225 3646 di·

170 3694 279 3752 oenie:
310 3696 393 3775 Pax,
416 3701 448 3760 et
469 3695 648 3763 benedictio
679 3696 713 3761 ἦ(
736 3697 795 3763 Dei
811 3697 1039 3782 omnipotentis
1055 3695 1179 3775 Putris,
1195 3699 1226 3757 et

170 3798 240 3862 Filii
260 3805 292 3863 et
314 3802 447 3886 Spiritus
469 3803 594 3886 suncti,
621 3802 793 3869 descendat
821 3823 917 3888 super
945 3821 1023 3883 vos,
1047 3808 1081 3867 et
1102 3803 1225 3867 minest

170 3925 305 3989 semper.
332 3910 444 3973 Amen.
