2782 4696
173 304 232 368 lld
531 301 653 364 llituale
677 303 865 365 llntrranuru.
936 310 939 315 '

239 428 453 515 ttmtipticaee
473 434 549 493 sunt
569 426 768 495 iufirmititoe
789 429 923 494 ebrum:
944 427 1091 512 'pdstea
1106 429 1219 495 accele-

167 536 326 600 raserunt.

239 642 310 705 Non
326 642 533 724 congregabo
549 640 771 706 conventicula
782 641 894 706 ebrum
908 639 948 706 de
960 641 1188 725 sanguinibus:
1208 635 1219 659 ⁶

167 765 227 812 nee
249 766 372 813 memor
393 768 450 813 ero
473 749 639 814 ndminum
661 748 776 813 ebrum
797 766 856 832 per
876 746 964 813 labia
986 767 1071 814 mea.

237 855 395 920 ltdminus
409 874 483 939 pars
497 854 688 920 haredititis
701 873 800 936 mea,
817 860 850 919 et
863 854 972 920 calicis
988 856 1070 919 mei:
1093 850 1105 874 '
1122 863 1156 920 tu
1172 874 1214 934 es,

168 963 224 1044 qui
246 963 394 1026 restitues
416 962 634 1028 hereditatem
655 981 760 1028 meam
780 961 869 1027 mibi.

239 1065 343 1132 tunes
359 1069 542 1134 ceciderunt
556 1069 632 1133 mibi
650 1070 683 1134 in
697 1069 876 1153 praeeliris:
903 1058 917 1084 ¹
928 1070 1049 1134 etenim
1064 1066 1216 1134 heredita

169 1191 239 1238 mea
260 1174 411 1256 praeclara
434 1181 481 1239 est
503 1174 593 1239 mihi.
1082 1171 1084 1175 ’

238 1275 428 1346 Benedieam
444 1282 638 1362 deinum,
662 1282 720 1366 qni
741 1280 854 1346 tribuit
874 1279 953 1344 mihi
976 1281 1185 1346 intellectum:
1206 1271 1215 1291 '

170 1389 300 1470 insuper
322 1394 477 1471 eiusque
499 1387 541 1452 ad
563 1393 690 1452 noctem
711 1387 937 1470 increpuerunt
958 1405 1012 1451 me
1034 1406 1129 1452 renes
1148 1387 1210 1450 mei,

238 1488 450 1557 l'rovideham
477 1494 650 1557 ltdminum
675 1495 709 1558 in
736 1493 909 1576 conspectu
933 1510 1009 1557 meo
1037 1483 1213 1577 semper3'

171 1598 322 1681 qndniam
344 1618 364 1662 a
384 1598 502 1664 dextris
523 1606 570 1663 est
591 1599 694 1679 mibi,
718 1618 758 1663 ne
780 1600 997 1662 eommdvear.

240 1704 379 1787 Propter
397 1705 460 1769 boe
473 1705 613 1769 laetatum
626 1711 675 1768 est
690 1722 747 1768 eor
761 1722 889 1785 meum,
904 1710 937 1769 et
949 1705 1107 1769 exultavit
1121 1703 1211 1785 lingat

170 1826 259 1872 mea:
283 1810 439 1893 'insuper
459 1817 492 1874 et
512 1829 587 1874 earo
608 1829 679 1874 mea
701 1810 879 1893 requiisset
900 1811 933 1875 in
955 1829 1027 1894 spe.

239 1912 398 1989 Quoniam
417 1935 482 1981 non
506 1915 706 2001 derelinques
721 1917 858 1981 animam
873 1934 979 1981 meam
995 1918 1030 1981 in
1044 1917 1183 1982 infimo:
1200 1903 1210 1927 '
1249 1992 1253 1999 Ι

171 2038 212 2085 ne
235 2020 325 2086 dabis
347 2030 490 2087 sanetum
513 2029 604 2088 tunm
620 2023 729 2087 videre
751 2023 1005 2105 corruptidnem.
1240 2022 1249 2115 J

240 2125 341 2192 Notas
357 2130 434 2192 mibi
450 2130 550 2195 iecisti
566 2132 633 2194 vias
648 2130 739 2210 vitae,
761 2127 949 2212 adimplebis
962 2147 1015 2192 me
1031 2128 1207 2194 laetitiarum
1236 2120 1253 2205 ξ

170 2232 262 2298 vultu
284 2240 366 2298 tuo:
390 2230 642 2301 'delectatidnes
663 2237 696 2299 in
720 2235 848 2300 dextera
860 2240 917 2299 tua
938 2253 1043 2318 usqne
1066 2236 1099 2298 in
1117 2235 1205 2299 ineu.
1234 2222 1239 2271 ²¹

239 2339 350 2405 (ildriu
372 2343 477 2422 Patri,
502 2349 563 2406 ete.
1233 2328 1253 2371 ⁵

239 2439 275 2515 i.
296 2449 453 2513 deinus
474 2448 651 2513 nobiscnm.

239 2555 276 2634 tt).
296 2557 335 2619 Et
358 2575 429 2620 cum
452 2556 567 2638 spiritu
588 2561 658 2618 tuo.
715 2577 716 2580 ¹

241 2652 276 2726 t'l·
296 2663 464 2745 Sequentia
485 2662 583 2725 saneti
606 2661 766 2743 Evangelii
788 2659 963 2725 seerindnm
980 2661 1134 2725 blarenm.
1238 2682 1253 2692 ·

239 2766 274 2846 ις.
298 2768 405 2831 Gldria
427 2767 504 2846 tibi,
529 2767 674 2830 deine.
1229 2754 1253 2799 ¹

584 2919 679 2983 liare.
711 2919 761 2980 16.
787 2937 816 2981 e.

177 3086 237 3244 In
255 3086 309 3148 illo
324 3086 487 3167 timpora:
513 3082 782 3148 Recumbdntibus
803 3083 950 3149 rindeeim
972 3082 1150 3167 discipulis,
1163 3096 1202 3162 ap
1231 3073 1253 3113 ²

206 3193 322 3275 -pdruit
343 3190 405 3253 illis
424 3193 533 3269 lesus,
552 3197 584 3254 et
601 3189 809 3272 exprobrarit
821 3188 1078 3254 ineredulitdtem
1091 3188 1202 3260 ebrum,
1230 3179 1253 3227 ¹

172 3303 205 3361 et
227 3296 376 3360 duritiem
399 3295 527 3377 eordis3
553 3297 628 3378 quia
643 3297 701 3375 iia,
719 3296 775 3378 qui
791 3294 934 3358 viderant
949 3311 1024 3357 eum
1041 3290 1204 3358 resurrexit

173 3422 227 3486 se,
244 3421 310 3467 non
326 3401 539 3466 erediddrunt.
555 3405 595 3465 Et
609 3402 690 3466 dixit
704 3403 767 3465 eis:
793 3401 911 3464 Erintes
926 3399 960 3462 in
978 3398 1133 3464 mundum
1145 3394 1204 3461 nni·

172 3512 317 3590 versum,
345 3509 512 3593 predicate
536 3510 736 3592 Evangelium
759 3509 845 3572 omni
866 3507 1030 3570 ereatdrae.
1048 3505 1110 3586 Qui
1123 3501 1207 3569 credi·

173 3616 255 3680 derit
268 3623 281 3695 ,’
301 3623 333 3681 et
346 3616 523 3699 baptizitus
546 3615 662 3696 triarii,
686 3615 788 3679 salvus
805 3615 885 3677 erit:
911 3612 967 3697 qui
984 3631 1063 3677 vero
1077 3631 1142 3677 non
1154 3627 1207 3676 ere·

173 3722 310 3804 diderit,
328 3722 603 3787 condemndbitur.
620 3724 713 3804 Signa
727 3728 831 3786 antem
846 3738 922 3798 eos,
940 3721 997 3803 qui
1013 3719 1208 3790 crediderint,

172 3828 240 3893 haee
263 3832 452 3912 sequentur:
481 3830 517 3891 ln
540 3829 669 3892 ndmine
685 3847 755 3892 meo
773 3827 928 3892 daemdnia
943 3826 1094 3910 ejicient:
1113 3821 1216 3907 linguis

172 3934 346 4016 loquemur
362 3935 473 3998 noris:
499 3935 660 4017 serpdnles
682 3934 818 3998 tollent:
844 3939 876 3998 et
890 3933 916 3996 si
930 3933 1132 3997 mortiterum
1148 3918 1222 4013 qnid

173 4040 332 4123 biberint,
357 4060 421 4105 non
436 4042 480 4104 eis
495 4041 645 4106 noedbit:
670 4060 766 4125 super
788 4058 889 4124 aegros
910 4057 1024 4104 manus
1041 4039 1235 4124 impdnentv

175 4155 206 4212 et
229 4147 309 4212 bene
331 4146 503 4211 imbibunt.
