2782 4696
375 445 383 462 ,
601 365 666 439 ua
693 358 1046 442 s-uruauuuuo

435 558 795 654 EXTREMAE
829 554 1205 652 unctionis

688 778 953 838 um*

299 942 453 1038 lixam
473 977 623 1038 numan
638 978 849 1035 summm
866 989 884 1031 a
900 972 1011 1032 cumn
1026 972 1148 1031 nonno
1165 972 1335 1042 maun,

293 1048 577 1142 tamqmmeoelertir
602 1064 761 1131 medicina,
781 1062 957 1120 nonanimae
977 1060 1091 1131 nolum
1111 1059 1264 1120 redeam
1282 1077 1336 1119 ear·

293 1155 355 1230 pori
376 1156 523 1224 mutarit,
543 1154 620 1212 omni
634 1151 728 1210 rmdio
747 1167 779 1208 aa
802 1149 966 1222 diligentia,
984 1148 1136 1222 pefimlme
1148 1148 1338 1223 munaum

294 1243 484 1300 adhibendum
502 1250 608 1310 ert,et
624 1238 783 1313 enquidem
806 1246 951 1310 tempore,
968 1237 994 1294 ι’
1013 1236 1074 1294 lieri
1091 1236 1338 1309 poesimeamillu

294 1330 388 1389 adhue
412 1324 1154 1405 integramenretratioviqet,utudultciorem
1178 1326 1338 1385 Sarramni

295 1418 413 1492 gratiam
432 1415 815 1491 pereipimdam,ipaietiam
835 1430 915 1471 auam
932 1412 1037 1482 iidem,
1053 1428 1088 1470 ae
1104 1413 1183 1486 piam
1200 1413 1339 1472 uimim

295 1505 432 1563 luntatem
452 1504 576 1562 uonierre
592 1504 721 1577 porrina,
742 1501 809 1559 dum
829 1517 908 1558 aaero
928 1501 1068 1559 liniuntur
1081 1500 1163 1559 (ileo.

347 1594 381 1649 ln
399 1608 456 1666 quo
473 1591 542 1649 illud
554 1592 585 1648 in
597 1592 737 1664 priuniaex
747 1591 869 1662 generali
886 1590 1016 1647 Eadeaire
1033 1587 1237 1648 uometudino
1253 1588 1337 1649 oh·

292 1678 416 1738 mudum
437 1681 749 1752 eet,ntaitempm,
771 1677 921 1737 etinfirmi
941 1675 1063 1735 mnditia
1090 1674 1381 1803 permittat,mt¹

294 1767 453 1824 Extremam
469 1768 659 1836 linctionem,
678 1764 1101 1836 roeniunaamtmnamrirtie
1116 1766 1338 1826 &munau
1378 1808 1381 1845 ἔ

295 1855 385 1913 lirmir
404 1855 596 1929 praebeantur.
1378 1856 1381 1901 ἵ

347 1943 457 2001 Habeat
474 1944 560 2016 igitau
579 1942 720 2000 Paroclnm
741 1941 803 1999 looo
824 1940 1222 2015 nitidoetdeemterornato,
1243 1944 1338 2001 lnrrrt
1378 1940 1381 2035 j

295 2038 448 2105 argenteo,
463 2048 513 2089 reu
531 2039 646 2088 amnneo
662 2030 809 2103 diligenter
832 2028 1002 2088 custoditum
1018 2045 1129 2088 uerum
1146 2030 1250 2088 Oleum
1269 2031 1338 2089 indr-
1378 2052 1381 2097 l

295 2135 406 2175 morum
418 2160 426 2187 ,
439 2119 514 2191 quod
534 2119 562 2176 in
579 2119 699 2191 singulis
712 2120 793 2175 annia
808 2120 888 2176 Feria
899 2121 934 2175 V.
949 2120 980 2176 in
996 2120 1081 2176 Coena
1098 2119 1213 2176 Domini
1224 2119 1261 2177 alr
1272 2118 1339 2194 Ερ
1375 2102 1381 2189 l

290 2223 364 2279 eopo
382 2207 575 2276 benedictum,
595 2207 678 2264 veteri
695 2207 856 2275 combusto,
875 2205 1064 2265 reamandum
1082 2216 1133 2267 est
1154 2207 1188 2265 ld
1199 2206 1339 2279 tamen,ri

293 2293 366 2350 iorte
384 2293 456 2352 infra
476 2312 581 2352 annum
595 2297 689 2368 aliquo
706 2295 790 2352 modo
808 2295 846 2352 ita
863 2293 986 2366 deiciat,
1003 2305 1038 2353 ut
1054 2296 1182 2354 ruffioere
1199 2313 1259 2354 non
1270 2310 1339 2370 pont

293 2381 437 2452 uideatur,
456 2400 545 2456 neque
562 2384 640 2440 aliud
657 2383 833 2440 benedictum
851 2383 947 2441 haberi
966 2392 1064 2458 queat,
1083 2384 1195 2442 modico
1211 2385 1275 2444 oleo
1290 2398 1338 2443 noa

293 2469 440 2528 benedicto
455 2472 485 2528 in
504 2473 604 2528 minori
622 2473 777 2546 quantitate
792 2472 986 2545 superinfuso,
1004 2475 1125 2545 reparari
1142 2482 1244 2546 poten.

346 2561 446 2618 Oleum
467 2577 548 2634 porro
565 2562 656 2633 ipsum
674 2562 715 2617 vel
734 2578 782 2635 per
799 2577 829 2617 se
847 2562 959 2631 solum,
979 2562 1021 2618 rel
1040 2562 1070 2619 in
1087 2562 1236 2621 bomhaoio
1251 2578 1300 2621 reu
1315 2574 1338 2618 rt

293 2648 379 2706 simili
396 2650 498 2706 servari
518 2659 626 2723 poteat3
638 2649 687 2706 sed
704 2649 740 2706 ad
754 2648 912 2707 evitandum
930 2648 1073 2709 eiimiorua
1084 2652 1242 2725 perieulum
1260 2650 1338 2710 mult·

291 2737 464 2794 commodius
481 2737 516 2794 ad
535 2738 662 2794 infirmor
679 2736 803 2794 defertur
822 2739 852 2794 in
873 2737 1030 2795 bombaoio.

344 2825 432 2882 Debet
447 2834 539 2882 autem
558 2826 610 2882 hoo
630 2827 840 2882 Sacramentum
865 2825 982 2883 inllrmis
1002 2826 1140 2899 praten,
1158 2828 1208 2901 qui
1227 2824 1336 2887 eumad

291 2926 373 2967 usum
393 2914 506 2970 rationis
528 2914 721 2985 pervenerint,
744 2921 802 2970 tam
825 2914 944 2987 graviter
963 2913 1112 2987 laborant,
1132 2924 1167 2972 ut
1185 2917 1283 2974 mortis
1300 2930 1337 2988 pt·

291 2998 410 3054 ticulum
427 3001 572 3057 imminere
590 2999 734 3070 videatur,
753 3009 780 3057 at
800 3001 854 3070 iis,
873 3003 921 3074 qui
940 3018 997 3074 prae
1013 3002 1091 3060 tenio
1109 3002 1245 3062 deliciunt
1256 3048 1264 3076 ,
1277 3004 1335 3061 otiu

291 3082 366 3142 diem
384 3087 512 3145 videntur
529 3090 657 3146 morituri
675 3091 759 3146 etiam
777 3090 839 3147 aine
855 3090 909 3147 alia
927 3090 1098 3149 infirmitate.

344 3177 465 3234 lnflrmis
476 3186 584 3248 autem,
597 3179 655 3252 qui,
668 3177 736 3234 dum
745 3195 812 3235 sana
823 3187 929 3247 mente,
942 3187 970 3237 et
980 3181 1096 3255 integris
1105 3181 1234 3242 sonamus
1244 3190 1335 3252 ament,

293 3263 363 3321 illud
376 3266 523 3336 petierint,
536 3283 585 3323 seu
596 3267 780 3324 verisimiliter
800 3270 961 3341 petiissent,
978 3285 1028 3327 seu
1041 3269 1170 3329 dederint
1187 3273 1268 3346 rigna
1279 3287 1336 3330 eou-

291 3352 428 3423 tritionir,
439 3355 548 3410 etiamsi
560 3354 659 3412 deinde
670 3354 808 3428 loquelam
821 3357 978 3428 amiserint,
990 3357 1032 3414 vel
1041 3366 1167 3417 amenter
1177 3358 1270 3418 effoeti
1279 3359 1335 3426 rint,

290 3439 333 3496 vel
345 3439 484 3512 delirent,
502 3450 552 3499 aut
569 3459 627 3501 non
645 3445 783 3513 sentiant,
796 3445 981 3504 nihilominus
997 3445 1162 3519 prebeatur.

342 3527 396 3585 Sed
414 3529 438 3586 si
456 3529 603 3600 infirmus,
624 3531 691 3589 dum
710 3532 838 3605 phrenesi
849 3575 858 3602 ,
871 3542 920 3591 aut
930 3535 1051 3592 amentia
1070 3534 1196 3605 laborat,
1213 3536 1338 3595 verisimi-

290 3613 355 3672 liter
374 3625 467 3689 posset
487 3618 638 3692 quidquam
658 3618 748 3678 faeere
765 3630 861 3679 uonna
876 3623 1055 3680 reverentiam
1072 3623 1272 3695 sacramenti,
1289 3638 1340 3682 nou

288 3701 462 3776 inungatur,
481 3707 534 3763 nisi
557 3707 711 3778 perieulum
733 3709 849 3766 tollatur
870 3711 993 3767 omnino.

341 3792 585 3863 lmpoenitentibus
594 3810 673 3865 varo,
685 3802 714 3852 et
722 3798 771 3868 qui
781 3797 812 3854 in
821 3797 967 3856 manifesto
976 3806 1088 3872 peooato
1101 3800 1214 3858 mortali
1224 3800 1341 3859 moriun-

291 3883 354 3946 tur,
369 3887 397 3935 et
407 3883 667 3955 exeommunicatis,
685 3892 715 3941 et
726 3874 857 3957 'nondum
874 3886 1037 3960 baptimtia,
1053 3888 1165 3961 penitus
1182 3888 1343 3964 denegetur.

340 3967 403 4023 Non
421 3970 596 4028 ministretur
615 3973 698 4030 etiam
717 3975 844 4047 praelium
859 3976 970 4034 immria
981 4017 990 4047 ,
1003 3977 1287 4050 autnavigationom,
1298 3984 1345 4035 aut

287 4055 553 4128 peregrinationem,
572 4068 621 4117 aut
643 4061 697 4120 alia
716 4063 837 4135 pericula
855 4064 989 4124 subituris
1001 4107 1010 4137 ,
1023 4073 1073 4124 aut
1091 4065 1147 4124 reia
1162 4065 1266 4124 ultimo
1281 4083 1345 4141 aup-
