2782 4696
466 118 504 192 Ο
533 119 565 193 Pe
595 119 628 191 Ι)
656 118 692 188 (,)

400 584 659 645 ..inritauit
676 585 698 643 U
716 585 757 643 bl.

55 748 116 919 In
132 858 241 939 primis
253 856 405 921 Sacerdos
419 902 427 934 ‚
442 860 559 940 paratis
572 858 639 937 hia,
657 875 726 941 qum
739 876 833 940 supra
845 859 884 923 de
896 860 1102 927 observandis

53 964 84 1025 in
99 962 370 1026 administratione
385 965 575 1027 sacramenti
591 964 740 1045 baptismi
758 964 964 1028 Parvulorum
985 967 1100 1032 dicun·
1226 1006 1241 1035 ι

52 1077 124 1146 tur,
143 1069 273 1133 indutus
295 1069 524 1154 superpelliceo
540 1076 573 1132 ot
588 1071 689 1148 stola,
706 1071 755 1133 rel
772 1072 865 1133 etiam
887 1072 1016 1154 pluviali
1029 1076 1100 1139 rio-

51 1176 128 1240 iaeei
150 1177 286 1253 colaria,
311 1195 384 1240 cum
406 1178 469 1240 suis
484 1177 611 1241 Cierioia
634 1177 755 1240 accedit
772 1176 812 1240 ad
826 1178 949 1258 „gradus
967 1181 1098 1261 Altaria,

49 1288 81 1344 et
102 1281 242 1363 genibus
263 1282 371 1364 flexis,
387 1284 440 1365 pia
452 1289 557 1346 mente
571 1283 612 1348 ad
627 1285 730 1346 Deum
753 1302 861 1366 preces
882 1284 1019 1349 effundit
1038 1333 1046 1365 ‚
1063 1295 1101 1352 ut
1229 1271 1239 1298 “

48 1393 175 1451 mnium
199 1389 435 1452 Sacramentum
458 1387 552 1470 digne
574 1389 675 1454 valeat
696 1390 896 1469 ministrare,
920 1398 953 1455 et
976 1391 1015 1456 ad
1037 1394 1098 1457 im·

48 1493 244 1573 plorandum
267 1493 409 1559 divinum
431 1495 606 1573 auxilium,
631 1513 790 1575 arrigens,
813 1514 847 1556 se
868 1497 996 1578 signat,
1021 1504 1053 1562 et
1074 1501 1099 1561 ai

49 1599 206 1682 temporis
231 1600 312 1680 rado
337 1600 438 1676 forat,
464 1600 561 1662 dieii:

113 1701 152 1777 i.
180 1697 288 1781 Dana,
309 1700 343 1764 in
365 1696 560 1783 adjutorium
581 1717 686 1766 meum
707 1699 846 1766 mande.

114 1814 151 1894 [a.
180 1803 336 1886 nomme,
362 1804 404 1871 ad
425 1804 640 1890 adjuvdndum
661 1824 712 1871 me
733 1806 857 1872 teatina.

114 1913 152 1986 t,
180 1909 291 1976 Gloria
311 1913 419 1992 Patri,
443 1918 504 1978 eto.

116 2024 229 2086 Postea
251 2024 382 2106 incipiat
400 2070 408 2095 ,
433 2024 699 2108 prosequentibus
722 2025 866 2105 clericis,

116 2127 343 2209 antiphonam.
380 2123 549 2189 Effundam
570 2143 666 2209 super
693 2143 752 2189 voa
780 2141 895 2207 aquam
927 2123 1101 2206 mundam,

58 2229 89 2288 et
107 2224 338 2291 mundabimini
359 2227 401 2292 ab
423 2229 572 2294 omnibus
597 2229 844 2313 inquinamentis
865 2231 998 2308 vestris,
1025 2229 1105 2293 dicit

60 2329 223 2396 bdminua.

481 2502 618 2565 i’saimua
641 2510 673 2563 δ’.

137 2646 262 2723 (imina,
287 2646 443 2711 Dominus
464 2652 590 2725 nostor,
613 2662 623 2680 ·
651 2665 745 2730 quam
768 2646 951 2712 admirabile
973 2653 1021 2729 eat
1043 2665 1104 2717 uo·

66 2658 210 2820 Dmen
230 2757 324 2816 tuum
344 2752 379 2816 in
400 2753 545 2817 universa
564 2755 672 2817 terra!

118 2856 280 2943 Quoniam
303 2856 423 2922 elevata
444 2862 492 2921 est
512 2855 743 2939 magnificentia
763 2865 849 2923 tuaq
876 2877 972 2940 super
994 2859 1101 2925 ooeloa.

121 2973 173 3031 iix
193 2980 250 3027 ora
264 2963 450 3041 inidntium,
468 2967 501 3026 et
520 2962 701 3026 lactentium
716 2962 875 3047 parfecisti
887 2964 1013 3030 laudem
1028 2983 1106 3048 pro·

70 3071 129 3144 utar
147 3068 292 3133 inimicos
312 3073 409 3149 tuos,
435 3085 445 3105 *
470 3075 507 3132 ut
530 3067 672 3132 destruas
694 3069 875 3150 inimicum,
900 3076 932 3134 et
954 3070 1104 3134 ultorem.

121 3173 286 3258 Quoniam
309 3173 427 3239 udebo
454 3173 550 3238 eoelos
576 3179 675 3253 tuos,
704 3174 802 3256 opera
827 3173 1000 3258 digitdrum
1026 3175 1104 3240 tuo-

70 3292 144 3342 rum:
166 3291 176 3311 ·
203 3279 314 3344 lunam
335 3285 369 3344 et
389 3280 513 3358 stellas,
537 3297 608 3362 quaa
629 3284 666 3342 tu
688 3279 840 3344 fundasti.

125 3383 212 3470 Quid
237 3391 285 3450 eat
305 3385 405 3450 homo
427 3431 437 3465 ,
467 3382 557 3467 quod
587 3402 710 3448 memor
730 3403 764 3449 ea
785 3383 887 3468 ojus?
911 3408 921 3430 ι
946 3390 1001 3449 aut
1023 3382 1107 3450 filiua

70 3485 219 3572 hominia,
239 3493 395 3575 quoniam
417 3491 526 3556 visitas
548 3491 649 3555 eum?

121 3596 263 3665 uinmati
277 3615 350 3662 euna
364 3596 463 3681 paulo
479 3598 583 3662 minus
599 3595 640 3660 ab
656 3596 807 3679 Angelis,
826 3596 927 3679 gloria
939 3595 1107 3661 ethonore

68 3702 214 3766 coronasti
235 3720 331 3782 enm,
348 3713 361 3743 ³
381 3709 414 3767 et
430 3702 621 3767 coanimati
637 3720 709 3766 euna
725 3721 822 3788 sapor
842 3702 940 3786 opera
956 3703 1107 3767 manuum
1218 3706 1238 3770 ἱ
1309 3734 1318 3757 ‹

68 3805 193 3869 mirum.
1145 3821 1148 3825 ’
1336 3792 1349 3810 “
1378 3817 1382 3833 ·
