2782 4696
301 290 345 354 lle
368 292 580 358 exorcizandis
604 294 738 359 obsessis
761 315 779 359 a
803 295 968 359 demonio.
1096 296 1159 362 335

180 409 216 480 ιι.
230 415 388 500 deine‚
412 418 526 484 exdudi
549 421 727 487 oreliduem
747 439 862 486 meum.

177 520 217 601 rd-
233 524 274 588 El
292 525 410 590 elumen
431 544 519 592 meus
541 527 582 590 ud
604 534 637 591 te
659 528 779 593 veniel.

179 620 217 694 nl·
232 631 387 697 deiuns
408 632 587 699 vobiscum.

177 736 216 813 ld·
234 738 273 802 st
293 757 365 803 eum
388 741 499 824 spimtu
523 746 594 805 luo.

561 841 705 913 Oremus.

141 949 244 1112 Jeus
264 951 352 1034 eoeli,
374 953 460 1017 Deus
483 959 594 1035 terre,
624 955 708 1019 Dens
740 952 958 1036 lugendum,
988 955 1073 1020 Deus
1095 959 1160 1021 Αι-

189 1055 437 1139 chungeldrum,
461 1061 545 1125 Deus
570 1058 828 1143 Propheldrum‚
862 1060 948 1125 Deus
979 1063 1159 1144 Apostolu-

142 1178 199 1242 m,
227 1162 313 1228 Deus
334 1166 536 1250 llus-tyrum,
560 1167 646 1231 Deus
668 1166 857 1248 virginum,
884 1167 991 1249 Deus,
1015 1169 1072 1251 qui
1096 1188 1160 1253 po·

141 1270 251 1333 netem
272 1270 372 1335 hebes
395 1271 515 1338 domine
537 1274 634 1338 situm
648 1279 723 1357 post
744 1279 905 1353 mortem,
929 1274 1071 1358 requiem
1085 1281 1160 1359 post

141 1372 270 1456 bdrem3
305 1380 380 1460 quie
407 1396 474 1444 non
500 1385 548 1444 est
572 1380 653 1444 alius
673 1381 760 1444 Deus
781 1385 896 1463 preter
919 1386 977 1462 te,
1007 1399 1065 1444 nee
1095 1400 1161 1447 esse

141 1481 226 1545 'stelit
248 1501 368 1567 serus,
391 1484 453 1550 nisi
474 1492 528 1567 tu,
552 1487 684 1551 Credtor
706 1485 777 1551 eoeli
798 1492 830 1549 et
852 1490 966 1566 terete,
990 1486 1048 1567 qui
1070 1506 1162 1552 verus

141 1605 170 1650 ex
192 1606 251 1668 es,
277 1596 308 1653 et
332 1589 422 1673 eujus
444 1591 534 1673 regni
555 1609 622 1656 non
644 1592 704 1657 erit
717 1589 807 1654 finis:
826 1589 989 1654 humiliter
1003 1589 1161 1674 mejesldli

141 1692 214 1757 urie
235 1699 298 1758 tuse
323 1695 493 1778 sdppliso,
518 1703 553 1761 ut
577 1697 664 1762 hune
684 1695 839 1760 ldmulum
861 1701 954 1759 tuum
969 1693 1010 1759 de
1021 1697 1160 1761 immdn·

141 1816 152 1862 s
177 1800 342 1882 spiritibus
369 1802 504 1868 liberdre
538 1803 694 1885 digneris,
719 1804 780 1867 Per
803 1801 963 1867 Christum
989 1800 1160 1866 deinum

141 1910 259 1969 slsum.
331 1904 367 1978 ld·
395 1910 508 1973 Amen.

531 2014 736 2078 exorcismus.

141 2112 274 2280 xdjdro
298 2136 374 2201 ergo
400 2125 453 2201 te,
477 2120 580 2185 omnis
602 2119 853 2185 immundissime
873 2120 1030 2203 splsitus,
1065 2119 1159 2192 ,dmue

179 2222 386 2307 phuntdsme,
414 2226 517 2290 imnis
539 2225 677 2290 inedssio
700 2228 841 2308 Sutuuae,
872 2228 907 2291 in
932 2228 1061 2290 nomine
1086 2227 1160 2290 Jssu

141 2330 218 2394 nisti
246 2330 278 2394 >1⁴
303 2332 478 2415 Nummi,
504 2332 560 2416 qui
582 2339 657 2415 post
679 2332 840 2397 lesderum
860 2333 1015 2414 domnis,
1042 2333 1076 2397 in
1100 2330 1159 2396 de·

141 2441 223 2500 stum
247 2436 362 2502 duetus
388 2445 457 2519 est,
484 2443 516 2502 et
537 2445 569 2502 le
590 2439 625 2502 iu
647 2439 712 2502 luis
734 2437 864 2502 sedibus
885 2439 988 2503 sieil:
1013 2445 1050 2503 ui
1064 2455 1159 2521 quem

141 2562 153 2608 e
178 2543 218 2609 de
241 2545 318 2609 limo
344 2552 435 2610 temne
461 2544 502 2610 ud
527 2545 685 2611 hondrem
708 2546 817 2627 glorie
839 2564 902 2610 sue
923 2546 1097 2625 lormdvit,
1121 2548 1157 2610 lu

141 2649 227 2713 sinus
249 2651 459 2734 impugnem:
493 2656 525 2715 et
547 2652 580 2715 in
602 2650 731 2716 homine
752 2650 925 2716 miserabili
950 2668 1016 2713 uon
1040 2648 1155 2713 humd-

141 2771 177 2818 m
198 2754 422 2836 fragilitdtem,
447 2758 503 2821 sed
524 2758 697 2838 imdgiuem
713 2756 939 2839 omnipotentis
954 2754 1013 2817 Dei
1030 2760 1159 2818 contre-

141 2860 227 2924 'ueus
248 2860 331 2926 Cede
350 2880 427 2944 ergo
446 2865 514 2928 Deo
532 2875 563 2936 eje
589 2911 598 2945 ,
623 2865 759 2946 quite,
783 2860 989 2927 etmulitium
1015 2866 1102 2924 tuum
1127 2861 1161 2925 in

141 2966 291 3046 istudne,
316 2973 348 3030 et
369 2969 404 3032 iu
426 2968 566 3033 exercitu
594 2966 664 3050 ejus
685 2987 744 3050 per
765 2968 906 3050 lloysem
926 2984 1052 3030 servum
1068 2982 1159 3029 suum

149 3071 299 3154 abyssum
313 3073 475 3138 demersit.
494 3073 578 3139 Cede
591 3076 661 3138 Deo
690 3082 722 3147 ds
741 3074 798 3155 qui
810 3079 843 3136 le
865 3092 925 3155 per
942 3071 1158 3137 fidelissimum

141 3195 227 3242 mum
249 3198 342 3243 suum
361 3180 487 3259 David,
512 3179 551 3244 de
573 3180 660 3261 Rege
684 3178 776 3243 Sudle
798 3176 1013 3260 spiritualibus
1029 3177 1160 3242 canticis

141 3281 227 3346 dsum
251 3284 388 3367 fugivit.
413 3284 496 3349 Cede
524 3286 591 3350 Deo
623 3291 682 3366 ds,
707 3284 764 3366 qui
790 3289 822 3347 te
845 3284 880 3347 in
900 3282 984 3349 lude
1009 3283 1159 3346 Iseuridte

141 3386 267 3452 oditdre
297 3389 469 3453 damnavit.
501 3389 560 3453 Ille
589 3391 675 3453 enim
706 3396 740 3452 te
772 3388 887 3452 divinis
909 3398 943 3463 ιιι,
973 3385 1159 3450 verberibus

141 3495 225 3576 ugit,
249 3495 282 3556 in
305 3493 396 3576 eujus
419 3495 592 3577 conspeetu
607 3512 681 3558 eum
700 3494 764 3557 tuis
779 3491 960 3573 legidnibus
975 3497 1112 3554 tremens
1127 3498 1160 3554 et

141 3615 237 3662 smnus
252 3598 382 3662 dixisti:
409 3597 492 3678 Quid
516 3599 609 3664 nobis
630 3605 663 3662 et
684 3598 764 3679 libi,
788 3599 886 3676 lesu,
912 3595 971 3658 Fili
994 3594 1053 3657 Dei
1069 3595 1158 3660 altis-

141 3702 198 3767 ni?
221 3705 343 3769 Venisti
369 3705 433 3769 hue
454 3712 526 3769 unte
547 3712 674 3788 tempus
687 3705 840 3787 torquere
856 3699 943 3764 nes?
957 3700 1014 3764 llle
1031 3706 1064 3763 te
1080 3719 1157 3782 per-

141 3810 203 3872 tuis
228 3809 363 3872 ddmmis
387 3815 496 3892 urget,
522 3811 577 3892 qui
601 3811 635 3873 in
657 3808 721 3872 line
742 3816 925 3890 temporum
940 3805 1085 3869 dieldms
1110 3811 1160 3870 est

143 3915 226 3998 piis:
253 3915 412 3980 Discedite
439 3935 458 3979 u
487 3935 558 3996 me,
583 3915 770 3995 maledieti,
800 3915 961 3995 inignem
981 3913 1156 3993 ueternum,

141 4022 156 4084 i
177 4024 306 4104 perdtus
329 4028 376 4086 esl
399 4021 551 4103 diabolo,
577 4029 610 4087 el
632 4022 751 4104 lngelis
774 4018 854 4104 ejus.
874 4017 945 4084 'libi
966 4018 1070 4098 euim,
1094 4019 1156 4082 im-

141 4145 175 4210 e,
201 4135 233 4192 et
252 4129 372 4211 ingelis
393 4130 456 4193 luis
472 4147 594 4194 vermes
611 4134 729 4211 eruut,
751 4128 807 4211 qui
827 4143 999 4209 numquam
1016 4125 1157 4187 morien·
