2782 4696
167 309 230 373 334
529 306 655 369 airuns
681 307 867 370 Ronlanum,

169 451 241 498 rum
264 433 406 498 emnium
428 432 611 498 intercessio
639 436 692 501 gs,
712 434 850 516 Imperat
863 432 924 498 tini
940 433 1125 500 chrisfienn
1149 434 1219 500 fidei

169 540 395 625 mysterierum
415 539 519 605 virtus
543 542 596 607 ds.
620 540 678 605 lixi
699 556 778 623 ergo
800 541 1026 624 trunsgressnr.
1052 543 1111 607 Exi
1133 543 1220 607 sedd-

170 654 265 730 einr,
289 648 383 731 plene
405 648 494 712 ‹imni
517 646 595 712 doio
614 650 649 712 st
666 646 813 729 nussia,
846 648 975 714 virtutis
995 648 1147 729 inimice,
1175 652 1220 713 in-

170 754 352 819 nocentium
374 752 570 836 persecutor.
598 753 648 817 Du
673 752 802 834 locum,
826 752 1003 835 dirissime3
1027 752 1220 833 dalocum,

170 858 375 943 impiissime;
399 857 441 923 dn
464 858 572 923 locum
598 857 748 940 christo,
774 858 810 922 in
828 876 895 943 qno
917 858 998 924 nihil
1015 859 1164 924 invenisti
1184 859 1221 924 de

170 965 323 1049 operibus
346 965 433 1030 uuis:
467 966 524 1049 qui
550 971 584 1030 te
607 964 777 1049 spolierit,
806 965 864 1049 qui
885 982 1020 1048 regnum
1045 972 1138 1030 tunm
1166 966 1221 1030 de·

170 1072 304 1152 urunt,
328 1072 385 1154 qui
406 1077 439 1137 fe
459 1071 582 1136 victum
602 1071 733 1154 ligerit,
756 1077 789 1137 et
811 1089 887 1137 ruse
907 1078 965 1137 tun
992 1071 1145 1157 diripuit:
1170 1072 1221 1156 qui

170 1181 203 1241 ie
222 1175 359 1261 projecit
379 1177 414 1241 in
438 1174 587 1242 nnebrss
608 1176 803 1260 extendens,
825 1175 885 1241 ubi
904 1175 965 1242 tibi
981 1195 1056 1242 cnm
1076 1177 1222 1242 innueris

169 1283 234 1348 fuir
254 1282 315 1347 erit
335 1283 533 1366 praepcritns
553 1283 712 1348 interitus.
743 1282 804 1348 Sed
824 1282 904 1367 quid
930 1282 1114 1348 truculente
1142 1284 1222 1349 reni·

169 1390 271 1455 teris?
286 1389 542 1475 quidtemererie
557 1388 739 1456 detrectes?
760 1392 845 1456 Reus
861 1408 896 1455 ss
910 1391 1128 1474 omnipotenti
1143 1392 1219 1470 lies,

170 1495 261 1579 cujus
281 1498 399 1562 stuciis
418 1497 632 1579 trunsgressus
655 1515 701 1562 es.
725 1498 809 1562 Reus
836 1515 870 1562 ss
896 1499 973 1563 Jesu
1001 1497 1133 1563 Chrisin
1161 1499 1222 1562 De

170 1604 257 1668 mino
270 1590 409 1684 ‘nosu0,
433 1621 530 1687 quem
551 1605 674 1668 tenure
695 1622 790 1668 susus
809 1621 860 1682 es,
884 1611 918 1669 et
940 1602 1129 1687 crucifigere
1144 1623 1220 1688 prn-

169 1711 342 1795 sumpsisti.
367 1711 451 1775 Reus
473 1729 507 1775 es
528 1710 669 1775 humens
690 1710 825 1792 generi,
848 1710 900 1775 cui
921 1711 985 1775 tuis
1006 1712 1220 1794 persuasieni·

169 1816 231 1881 bus
252 1813 409 1882 venenum
434 1816 624 1901 propinenti.
717 1884 719 1888 Α

236 1920 360 2005 snjuro
376 1940 454 2006 ergo
470 1929 527 2003 te,
544 1921 641 1987 druco
657 1921 870 2004 nequissime,
887 1921 922 1986 in
938 1921 1072 1987 nomine
1086 1924 1219 2005 Agnis

170 2027 385 2108 immaculeti,
408 2026 467 2111 qui
488 2025 664 2092 umbuldrit
684 2044 780 2110 snper
803 2026 946 2111 aspidem
967 2034 1001 2092 et
1022 2026 1220 2110 basiliscum,

170 2136 226 2220 qni
249 2135 450 2200 conculcivit
470 2134 599 2200 leenem
619 2137 653 2200 et
673 2133 866 2217 dnecnem,
890 2141 929 2200 nt
948 2133 1095 2200 discedes
1110 2134 1151 2200 ab
1163 2135 1223 2200 hnc

169 2240 300 2305 homins
331 2238 364 2303 gs
388 2228 470 2320 (fiat
490 2232 617 2315 signum
639 2234 749 2298 Crucis
771 2236 804 2298 in
826 2233 973 2322 ironic),
1008 2239 1155 2306 (Μία
1183 2240 1222 2306 ab

169 2346 310 2412 Ecclesia
332 2347 390 2412 Dei
417 2344 450 2410 es
479 2338 556 2427 (fiet
571 2342 696 2425 signum
713 2340 821 2406 Crucis
838 2360 935 2425 super
947 2342 1187 2408 circumstantes
1198 2351 1219 2427 ):

169 2455 397 2537 contremisce,
427 2460 461 2521 ee
490 2455 617 2539 effuge,
641 2458 789 2522 incendio
811 2457 941 2522 nemine
962 2456 1094 2520 liemini
1115 2455 1221 2520 iilius.

169 2576 265 2642 quern
287 2559 381 2624 inferi
401 2567 563 2625 tremunt:
588 2562 641 2626 cui
667 2563 808 2627 Virtutes
829 2562 1006 2642 eoelernm,
1029 2567 1064 2625 et
1080 2563 1223 2625 Potesti-

168 2671 237 2747 tes,
261 2673 294 2731 et
315 2667 555 2732 Dominutienes
577 2665 726 2751 subjecte
747 2677 846 2734 sunt:
870 2686 966 2751 quem
992 2667 1168 2732 Cherubim
1193 2673 1223 2731 et

167 2773 332 2856 Seraphim
353 2771 515 2837 indefessis
534 2773 669 2838 vecibus
690 2774 847 2854 laudent,
880 2774 1040 2839 dicentes:
1065 2777 1220 2852 Sanctus,

167 2880 323 2959 smctus,
352 2880 482 2943 sunctum
510 2879 666 2943 Deminns
693 2880 780 2945 Deus
812 2879 965 2945 sebnoth.
995 2880 1137 2962 lmmmt
1164 2877 1222 2943 uhi

167 2984 310 3049 Verbum
332 2981 365 3046 »Β
397 3003 473 3050 cnro
495 2984 625 3050 fuctum.
650 2986 793 3071 Imperet
813 2985 873 3050 tihi
898 2992 990 3050 natus
1018 2991 1051 3055 gs
1079 3004 1118 3049 ex
1148 2986 1220 3051 vir-

168 3091 252 3173 gine.
281 3092 424 3173 Imperet
442 3091 501 3155 tibi
522 3093 614 3156 Jesns
634 3089 667 3151 ἢῆ
700 3091 899 3173 Nannenus,
926 3092 1053 3176 quite,
1078 3110 1154 3156 cum
1172 3091 1221 3156 di·

167 3196 307 3279 scipulos
326 3192 396 3277 ejus
409 3197 647 3278 contemneres,
662 3196 793 3278 elisum,
811 3204 909 3280 utque
926 3198 1124 3281 prostremus
1139 3197 1221 3261 exire

166 3302 317 3385 precepit
333 3299 375 3365 nb
393 3301 546 3366 homine:
572 3319 639 3387 quc
664 3303 841 3387 presente,
872 3320 946 3368 cum
968 3308 1001 3366 te
1024 3300 1067 3366 sb
1093 3301 1222 3366 homine

165 3408 358 3492 separissei,
389 3424 449 3471 nec
478 3409 652 3490 porcinum
685 3425 815 3493 gregem
840 3406 967 3491 ingredi
994 3406 1219 3492 pmnmebus.

167 3512 290 3578 Recede
314 3530 391 3596 ergo
414 3530 501 3578 nunc
524 3510 688 3596 sdjuretm
713 3514 748 3578 in
773 3515 904 3578 nomine
931 3511 1001 3596 ejus
1030 3515 1064 3577 ›i‹
1089 3511 1130 3576 uh
1159 3512 1221 3577 hc·

166 3619 268 3699 minc,
292 3637 387 3701 quem
408 3620 477 3703 ipse
498 3620 676 3702 plssmdvit.
701 3621 825 3684 Durum
846 3626 894 3685 esi
915 3619 975 3684 tihi
989 3617 1072 3683 velie
1096 3619 1222 3683 resiste·

166 3741 201 3789 re
226 3718 276 3786 ἢ.
293 3724 417 3788 limum
429 3731 477 3789 est
492 3725 552 3789 tibi
564 3732 676 3790 conire
689 3725 852 3791 stimulum
873 3725 1039 3791 calcitres-e
1061 3726 1113 3789 gs,
1142 3724 1222 3802 Quis

167 3836 286 3913 quanto
308 3830 428 3896 tardius
449 3833 533 3911 exis,
556 3839 647 3898 tento
670 3834 769 3915 magis
790 3833 985 3917 supplicium
1004 3833 1131 3910 moscii,
1146 3830 1222 3914 quin

165 3953 232 4000 non
257 3936 401 4000 homines
422 3939 622 4018 contemnis,
649 3936 705 4001 sed
726 3937 835 4020 iilum,
852 3938 910 4022 qui
926 3935 1111 4002 dominetor
1127 3936 1221 4000 vive·

166 4060 237 4107 rum
263 4050 295 4106 et
323 4045 545 4126 mnrfuerum,
571 4045 627 4127 qui
649 4045 804 4111 venturus
824 4050 873 4110 cst
897 4041 1043 4129 judiedre
1068 4042 1162 4108 vivos
1189 4047 1221 4106 ef

166 4154 335 4230 mortuos,
356 4156 389 4214 et
409 4152 557 4216 seculum
582 4170 638 4236 per
661 4151 779 4235 ignem.
862 4143 899 4223 ¹³)-
914 4153 1028 4216 Amen.
