2782 4696
258 218 303 278 De
327 210 540 279 exoremus
564 211 697 273 obsessis
720 229 738 272 e
760 209 930 273 deisonis,
1063 204 1129 272 339

139 335 293 402 Αωέυῶῑ
313 333 355 399 ed
376 333 496 413 coelos,
520 331 611 395 sedet
632 329 673 394 ed
690 328 852 394 dexteram
870 330 929 395 Dei
946 331 1050 397 Petris
1062 349 1131 398 om·

60 443 267 526 uipetentis3
298 444 307 465 ⁴
330 440 405 505 inde
421 439 574 503 venturus
590 446 637 502 est
651 436 796 521 judiedre
812 438 903 500 vives
920 442 952 501 et
969 437 1127 503 mertuos.

139 546 191 612 ild
214 546 305 631 cujus
327 546 498 611 adrentum
521 545 632 608 dmues
654 542 799 608 homines
820 545 986 628 resurgere
1008 546 1131 616 hahent

63 671 142 718 cum
163 651 357 737 corporibus
386 652 469 716 suis:
495 656 504 679 *
531 655 563 713 et
593 648 750 715 reddituri
769 656 843 714 sunt
868 649 908 714 ds
931 649 1023 716 fectis
1048 671 1129 736 pro·

64 757 148 840 priis
171 759 339 823 retidnem.

138 868 182 928 st
198 866 254 948 qni
278 865 366 930 hene
389 865 542 948 egerunt,
559 862 654 927 ibunt
667 863 701 927 in
722 863 820 927 vitem
837 864 1010 945 eldmeni3
1032 861 1045 885 ’
1073 866 1129 949 qui

66 988 145 1035 vero
172 971 277 1052 mule,
304 971 337 1035 in
360 974 467 1053 ignem
490 971 654 1034 eternum.

139 1076 213 1141 tlaee
235 1084 282 1141 est
305 1076 384 1141 tides
412 1076 597 1140 Cethdlics:
625 1074 634 1091 ⁴
659 1094 756 1158 quem
776 1076 836 1139 nisi
861 1079 996 1163 quisque
1021 1080 1127 1146 udeli-

68 1186 141 1263 ter,
164 1182 362 1265 firmiterque
386 1181 581 1264 crediderit,
606 1180 712 1245 salvus
734 1199 801 1245 esse
825 1200 891 1247 non
913 1187 1046 1267 poterit.

136 1287 253 1354 itteris
278 1291 363 1354 Petri
386 1295 449 1352 ete.

138 1389 250 1453 l'selm·
279 1394 341 1474 Qui
363 1394 505 1474 habitet,
530 1401 592 1458 etc.
628 1392 698 1450 1⁶20.

488 1497 629 1558 l’snlnurs
653 1498 706 1556 ttJ.

72 1609 255 1771 Exsurget
268 1611 372 1690 Deus,
392 1615 425 1672 et
444 1608 636 1692 dissipentur
651 1609 771 1672 inimici
793 1607 881 1691 ejus:
908 1600 923 1623 ⁴
945 1616 979 1674 ct
992 1611 1128 1694 fugient,

135 1718 193 1801 qui
217 1715 354 1781 oderunt
374 1734 469 1797 eum,
495 1735 514 1779 s
536 1716 617 1779 fecie
640 1713 720 1799 ejus.

133 1816 225 1887 Sicut
241 1819 350 1887 delicit
365 1821 491 1901 fumus,
511 1819 680 1886 deficient:
710 1818 720 1839 ‘
744 1822 827 1887 sicut
840 1821 913 1887 unit
927 1839 1000 1888 cere
1014 1842 1034 1889 e
1049 1823 1130 1892 flcie

10 1999 15 2005 ,
69 1930 176 2012 ignis,
198 1929 246 1993 sic
267 1929 402 2012 pereant
419 1928 603 2011 peccateres
628 1946 647 1992 e
670 1926 752 1994 ilcie
777 1927 847 1993 Dei.

136 2027 179 2097 Et
198 2031 276 2116 justi
301 2033 496 2116 epulentur,
524 2039 557 2096 ct
581 2032 724 2097 exultent
746 2033 780 2097 in
807 2036 981 2119 conspeetu
1003 2036 1087 2101 Dei:
1116 2022 1130 2046 '

68 2145 101 2203 et
121 2137 321 2204 delectentur
341 2139 375 2203 in
397 2139 519 2204 letitie.

137 2237 380 2327 Cannicum,
405 2245 562 2328 psalmum
589 2244 684 2309 dieite
702 2246 823 2311 ndmini
845 2245 935 2330 ejus:
968 2234 1060 2314 'iter
1081 2249 1131 2315 ie·

68 2352 130 2415 cite
154 2352 206 2432 ei,
230 2351 286 2434 qui
300 2350 441 2416 escendit
456 2368 552 2434 super
569 2354 740 2416 occisum:
760 2352 916 2419 Dduriuue
931 2373 1050 2421 nomen
1065 2355 1126 2421 illi.

138 2448 288 2521 llxultete
302 2457 335 2521 in
355 2457 529 2540 conspectu
544 2454 626 2539 ejus:
654 2454 665 2469 '
691 2457 908 2524 turbabuntur
921 2479 940 2523 e
954 2460 1035 2526 licie
1047 2461 1129 2545 ejus3

67 2564 169 2647 petris
192 2563 434 2647 orphanum,
460 2570 492 2627 et
512 2561 629 2645 judicis
650 2563 830 2629 vidudrum.

140 2661 227 2734 1leus
249 2668 283 2732 in
305 2668 378 2734 loeo
401 2675 509 2733 sencte
533 2685 618 2733 suo:
647 2662 657 2683 '
681 2671 788 2751 Deus,
813 2670 869 2754 qui
892 2671 1072 2738 inhabittrs
1086 2674 1132 2739 fe-

68 2776 113 2838 cit
135 2775 229 2839 unius
254 2775 353 2839 mdris
374 2775 408 2838 in
429 2774 540 2839 dome.

137 2870 203 2943 Oui
225 2878 333 2944 edicit
353 2881 479 2944 vinctos
501 2880 536 2945 iu
558 2879 771 2962 fortitddiue‚
795 2870 808 2891 '
833 2883 977 2950 similiter
990 2903 1059 2970 ees,
1074 2882 1131 2972 qui

69 2989 283 3069 exceperant,
307 2986 364 3069 qui
389 2985 536 3051 habitent
557 2988 591 3050 in
612 2987 797 3072 sepulchris.

141 3081 251 3174 ¹leus,
266 3111 339 3157 cum
357 3093 554 3175 egredereris
571 3095 603 3156 iu
622 3095 796 3178 conspeetu
809 3098 921 3181 pdpuli
931 3098 998 3180 tui,
1022 3083 1034 3105 '
1060 3119 1132 3167 euru

69 3199 283 3280 pertransires
306 3199 341 3262 in
369 3198 509 3263 deserte.

138 3295 239 3368 'serre
261 3305 348 3368 urdte
373 3312 439 3385 est,
466 3306 583 3369 etenim
607 3306 678 3370 eoeli
696 3305 927 3372 distillaverunt
942 3326 960 3371 e
977 3309 1132 3375 liciensi

68 3398 207 3489 sinei‚‘
240 3411 362 3475 elicis
387 3412 445 3475 Dei
469 3412 579 3477 lsrael.

139 3506 287 3580 l'luviam
309 3516 524 3581 voluntdriem
547 3516 729 3599 segregdbis
743 3519 829 3581 Deus
845 3517 1020 3583 hereditati
1034 3525 1096 3585 tue
1117 3502 1130 3530 ⁶

72 3627 105 3684 et
126 3619 287 3686 infirmita
310 3628 382 3704 est,
407 3627 443 3687 tu
466 3641 545 3687 vero
565 3623 725 3706 perfecisti
741 3641 822 3688 eum.

144 3718 296 3791 :iniustis
320 3732 377 3792 tue
391 3727 587 3792 hebitdbunt
604 3728 638 3792 in
654 3746 713 3792 ee:
746 3719 758 3739 ⁶
778 3730 898 3812 peristi
914 3730 947 3793 in
964 3728 1133 3796 dulcedine

72 3838 129 3895 tue
148 3835 303 3916 pauperi,
328 3835 425 3898 Deus.

142 3928 297 4006 ”eminus
329 3939 418 4006 debit
458 3941 593 4006 verbum
633 3942 945 4027 evangelizantibus,
973 3930 985 3946 '
1014 3945 1133 4010 virtute

69 4043 182 4108 mulla.
