2782 4696
335 263 384 328 De
407 261 586 328 uisitatione
609 268 641 325 rt
664 278 739 326 euru
762 258 976 324 Infirmorum.
1130 257 1188 335 117

303 430 460 495 (tremus.
884 430 1006 495 Oratio.

147 597 350 780 Virtutum
371 596 544 660 rmlostium
567 597 671 674 Dens,
696 595 753 677 qui
774 592 815 657 nh
839 593 985 657 humouis
1000 591 1191 676 corporibus

214 720 346 767 omnem
367 703 576 784 languorem,
600 706 633 765 et
656 718 783 765 omnem
803 699 1192 784 infirmitotem'praeeopti

147 810 178 873 ni
193 812 355 892 potestote
369 807 523 892 depellis:
539 807 648 873 udosto
664 808 823 890 propitius
835 806 908 870 inuio
923 806 1043 870 tomulo
1056 810 1163 871 tuom
1179 852 1189 887 ,

147 915 310 997 rtingotis
330 913 589 996 infirmitotibns,
612 920 645 979 et
665 914 786 978 viribus
807 914 963 997 reooptis,
980 913 1104 977 Nomen
1119 930 1191 977 sun·

147 1026 221 1085 ntum
243 1028 360 1101 tuum,
384 1022 559 1087 instaurotu
580 1022 727 1103 protinus
748 1021 902 1099 sonitore,
925 1017 1105 1083 benedicat.
1130 1021 1192 1083 Per

147 1124 293 1190 thistum
317 1126 490 1191 Dominum
513 1133 670 1191 nostrum.

195 1237 229 1317 rt.
261 1235 374 1296 Amen.

549 1446 690 1512 Psuimus
714 1449 762 1510 19.

203 1655 333 1722 studiat
351 1663 385 1721 te
406 1657 563 1721 Dominus
583 1656 616 1719 in
638 1654 690 1719 die
712 1655 927 1721 tribulationis
939 1655 970 1717 :¹
992 1657 1143 1739 protegat
1157 1661 1190 1720 to

203 1781 321 1828 nomen
335 1765 395 1827 Dei
405 1762 519 1827 Jacob,
574 1802 581 1817 ·

196 1869 306 1933 mittat
323 1868 383 1933 tihi
397 1868 546 1933 uuxssium
565 1866 606 1933 de
625 1873 757 1932 sunoto:
772 1868 786 1895 *
806 1868 893 1933 etde
908 1869 984 1932 Sion
999 1871 1128 1932 tneotur
1142 1875 1187 1932 te.

196 1973 325 2038 Memor
344 1975 387 2037 sit
403 1975 507 2038 omnis
521 1973 667 2038 sacrificii
684 1974 753 2055 tui,
772 1974 784 1998 ·
806 1979 840 2038 et
860 1973 1083 2038 holoeoustum
1097 1979 1189 2038 tuum

147 2080 251 2164 {tingue
275 2079 344 2145 fiat.

193 2183 218 2245 Τ
225 2185 335 2250 rihnnt
350 2185 409 2250 tibi
427 2185 612 2255 seeundum,
624 2204 683 2251 cor
698 2180 836 2250 tuumz*
862 2192 895 2250 et
911 2205 1005 2250 omne
1022 2186 1190 2251 consssium

147 2303 223 2356 uum
243 2289 423 2356 oonfirmet.

196 2395 397 2463 tmubimur
417 2399 451 2463 in
472 2399 601 2463 solutori
623 2405 680 2462 tuo
695 2418 705 2479 ;
723 2392 734 2417 ⁴
754 2404 787 2462 et
808 2398 842 2462 in
865 2400 993 2463 nomine
1013 2401 1071 2463 Dei
1090 2402 1192 2465 nostri

147 2505 421 2588 nsgmfimbimur,

197 2606 340 2694 implent
350 2614 507 2678 Dominus
521 2630 631 2677 omnes
646 2611 816 2696 petitiones
828 2619 919 2676 tuus:
937 2607 946 2629 ‘
972 2631 1057 2676 nune
1070 2613 1191 2694 eogno-

147 2718 164 2780 ’ἰ
185 2717 342 2800 quonium
359 2718 482 2783 salvum
505 2718 581 2783 tecit
601 2720 756 2783 Dominus
774 2717 934 2783 Christum
955 2736 1060 2781 suum.

193 2820 357 2887 Enoudiet
372 2823 463 2888 illum
485 2823 526 2889 de
549 2825 630 2889 ooelo
652 2830 763 2889 saneto
783 2843 843 2889 suo
858 2815 894 2902 3*
917 2823 951 2887 in
973 2823 1191 2908 potentotihus

147 2927 217 2992 alus
239 2927 377 2993 doxterm
398 2928 478 3014 eius.

197 3030 244 3098 Hi
266 3036 301 3099 in
316 3035 486 3116 curribus,
508 3041 540 3100 et
555 3035 588 3100 hi
604 3037 637 3100 in
653 3036 765 3119 equis:
783 3026 795 3048 *
815 3054 874 3100 nos
891 3043 997 3100 autem
1012 3038 1045 3101 in
1063 3038 1190 3101 nomino

147 3140 263 3207 >onim
283 3141 343 3205 Dei
363 3143 464 3206 nostri
482 3141 714 3206 invocobimus.

198 3239 273 3331 Ipsi
293 3246 428 3330 ohligtti
447 3254 542 3331 sunt,
563 3255 597 3312 et
615 3247 816 3313 reoidornnt:
833 3234 847 3257 *
864 3267 923 3313 nos
937 3255 1043 3314 nutem
1055 3249 1191 3314 sunosi-

147 3368 227 3434 η,
251 3359 285 3418 et
305 3354 402 3418 erecti
423 3371 544 3418 snmus.

200 3449 365 3539 Domine,
391 3458 512 3524 salvum
534 3459 584 3524 fue
605 3477 734 3542 regem:
756 3445 767 3467 ‘
791 3465 824 3525 et
844 3461 958 3526 erriudi
979 3479 1039 3526 nos
1060 3462 1094 3525 in
1116 3459 1189 3541 die,

149 3576 205 3645 ῃ
220 3564 470 3630 invocaverimus
491 3571 536 3628 te.

205 3663 317 3736 Gloria
337 3672 447 3752 Patri,
471 3677 533 3736 ete.

209 3766 249 3839 s..
264 3777 420 3842 Dominus
437 3777 616 3842 vobiscum.

213 3877 245 3954 tt·
265 3883 304 3947 Et
325 3900 399 3948 enm
421 3883 534 3967 spiritu
557 3889 627 3948 tuo.

215 3972 252 4046 t..
266 3987 435 4071 Deqnontiu
454 3988 555 4054 saneti
573 3988 736 4073 Ernngolii
758 3987 930 4056 secondum
953 3990 1082 4054 Lucum

219 4084 248 4163 u).
261 4090 374 4159 sroru
392 4092 476 4178 tibi,
498 4094 646 4163 Domine.
689 4090 693 4098 ’
754 4121 758 4127 ·
1109 4101 1111 4104 ’
