2782 4696
356 301 401 361 tte
425 298 637 368 exorcizandis
661 302 794 368 obsessis
818 324 836 367 u
859 303 1024 372 demonio.
1154 302 1219 365 345

239 422 369 515 Diligite
389 429 560 496 ltdminum
582 430 691 494 dmnes
703 427 806 499 saneti
829 426 921 512 ejus:
952 429 964 452 ⁹
984 424 1136 510 quinium
1161 444 1218 489 ve-

165 537 296 602 rititem
327 537 467 621 requiret
497 535 674 617 deinus,
701 541 734 599 et
759 533 914 601 retribuet
945 529 1144 598 sbunddnter
1171 531 1220 595 iu-

165 643 325 708 eientibus
346 642 538 727 superbiam.
878 671 881 678 ·

237 739 379 815 Virssiter
399 750 506 832 agite,
533 753 567 813 et
587 746 787 814 eonfortetur
808 764 866 812 eor
885 749 1048 828 restrum,
1072 742 1085 771 *
1109 741 1219 809 dmnns

167 854 229 938 qui
250 857 385 938 speritis
403 857 437 920 in
457 855 610 921 Dbmino.

236 946 347 1026 dress
370 963 455 1026 rats
477 967 540 1025 ete.

587 1086 723 1173 rubrus
746 1109 799 1171 ⁴21.

168 1266 326 1432 Deus,
350 1275 436 1339 Dens
456 1293 569 1357 mens,
593 1274 712 1359 rdspiee
732 1274 765 1340 in
787 1291 857 1339 me:
919 1289 1018 1356 quare
1044 1290 1095 1338 me
1122 1270 1216 1337 dere-

250 1381 407 1463 liquisti?
435 1373 445 1395 '
475 1381 570 1463 longe
600 1400 619 1446 n
656 1381 757 1446 ssldte
789 1399 858 1446 mea
896 1378 996 1445 verba
1029 1377 1217 1444 delietdrum

166 1486 329 1562 medrum.

234 1586 325 1654 Deus
347 1608 459 1670 meus,
484 1589 628 1655 elnmdbo
647 1609 706 1673 per
730 1589 833 1672 diem,
863 1597 895 1654 et
921 1608 987 1654 non
1011 1587 1175 1655 exdudies:
1200 1591 1213 1616 ¹

168 1703 202 1761 et
223 1702 342 1778 noete,
366 1703 485 1761 einen
507 1695 548 1761 nd
570 1696 778 1780 insipientiam
803 1694 895 1760 mihi.

235 1796 285 1865 ‘l‘n
306 1808 412 1869 eutem
432 1804 467 1866 in
488 1808 597 1867 saneto
620 1801 765 1884 babitus,
799 1804 814 1833 ⁵
827 1802 896 1866 isus
917 1801 1024 1866 Israel.

232 1900 278 1972 ln
300 1914 332 1971 te
354 1910 560 1992 speraverunt
581 1914 688 1991 putres
709 1908 827 1972 nostri:
853 1907 866 1936 ⁶
888 1907 1116 1991 speraverunt,
1132 1910 1165 1970 et
1179 1905 1217 1970 li·

166 2011 286 2077 berssti
308 2031 375 2077 eos.

235 2111 288 2183 dd
312 2124 344 2181 te
367 2118 606 2199 clamaverunt,
630 2124 661 2182 et
682 2117 759 2182 snivi
781 2117 856 2181 iueti
877 2122 969 2182 sunt:
997 2120 1010 2145 ⁶
1032 2115 1065 2179 in
1088 2122 1120 2181 te
1141 2133 1215 2199 spe-

166 2225 335 2307 raserunt,
360 2231 392 2289 et
413 2241 479 2288 non
500 2229 574 2289 sunt
595 2224 731 2289 confusi.

232 2324 306 2411 Ego
328 2336 433 2394 nutem
449 2348 518 2394 sum
535 2331 669 2410 vermis,
693 2337 725 2394 et
739 2348 805 2394 non
827 2329 944 2396 homo:
972 2330 983 2354 ¹
1005 2329 1216 2413 opprdbrium

166 2436 353 2517 hominum,
377 2442 409 2501 et
434 2434 570 2519 abjectio
594 2435 708 2520 piebis.

232 2531 355 2605 Omnes
377 2541 519 2606 videntes
540 2560 609 2622 me,
634 2541 810 2607 deriserunt
834 2560 906 2606 me:
936 2536 946 2561 ⁶
967 2541 1067 2608 loedti
1083 2547 1157 2606 sunt
1170 2539 1216 2605 ld-

164 2647 252 2729 biis‚
276 2655 309 2712 et
335 2648 504 2712 moverunt
524 2653 634 2730 eaput.

232 2744 383 2838 Spersvit
409 2755 444 2817 in
471 2754 635 2834 libuino,
668 2753 783 2837 eripiet
808 2771 902 2819 eum:
932 2750 1083 2818 'salvum
1118 2750 1216 2817 ineiut

165 2877 261 2940 enm,
293 2859 447 2942 qudnism
470 2858 644 2923 vulteum.

234 2953 392 3028 Qudnism
406 2970 442 3028 tu
457 2983 490 3028 ss
505 2964 562 3047 qui
577 2964 735 3029 extruxisti
750 2982 800 3029 me
815 2964 997 3031 devenire:
1026 2957 1038 2979 '
1058 2981 1130 3047 spes
1143 2980 1215 3028 mes

164 3069 206 3134 nb
223 3070 376 3135 uberibus
391 3070 500 3134 metris
514 3087 603 3136 meoe.
622 3071 661 3135 In
674 3076 707 3135 te
722 3070 884 3155 projeetus
898 3088 968 3135 sum
984 3089 1022 3135 ex
1037 3076 1143 3135 utero.

234 3161 284 3240 ¹'e
308 3181 418 3240 ventre
436 3177 542 3240 matris
562 3193 640 3240 mere
661 3177 746 3242 Deus
760 3195 849 3241 mens
862 3193 895 3242 es
916 3184 966 3257 tn,
996 3168 1001 3188 ¹
1031 3195 1071 3241 ne
1094 3175 1213 3242 disues-

165 3283 243 3345 seris
265 3300 283 3346 u
307 3300 370 3346 me.

231 3373 393 3451 Quintam
415 3385 581 3451 tribuidtin
603 3387 748 3469 proximu
775 3393 844 3451 est:
867 3380 880 3399 ⁹
905 3387 1055 3470 quinium
1078 3404 1145 3451 nou
1167 3393 1214 3451 est

164 3492 222 3574 qui
241 3490 382 3574 ddjuvei.

233 3580 517 3664 Circumdederunt
538 3616 588 3662 me
611 3598 703 3664 vituli
728 3599 838 3664 multi:
872 3591 982 3664 'tauri
1004 3599 1138 3681 pingues
1154 3597 1224 3663 ob-·

163 3703 313 3768 sederunt
331 3721 392 3769 me.

230 3791 434 3891 Aperuerunt
464 3827 560 3892 snper
578 3827 628 3873 me
655 3828 693 3873 ns
718 3827 842 3890 meum,
872 3796 984 3874 'sieut
1010 3810 1062 3873 leo
1088 3811 1213 3893 ripiens

165 3918 197 3976 et
218 3913 358 4007 rugiens.

229 4010 323 4085 bieut
347 4039 430 4104 sqnn
461 4021 580 4088 eiidsns
613 4041 708 4106 sum,
734 4000 745 4032 *
778 4030 810 4088 et
840 4023 979 4108 superse
1006 4030 1080 4089 sunt
1108 4025 1214 4090 brunin

165 4127 236 4189 dssn
257 4141 337 4191 mes.
