2782 4696
451 371 979 461 ortuotumsruurmr

587 554 833 603 sacuammt'tt

334 698 689 796 EXTREMAE
723 701 1093 800 uncrlortrs

614 908 803 967 ”Um

183 1007 376 1182 Smerdes
404 1115 499 1195 igitur
526 1116 760 1178 Sacramentum
787 1113 1046 1192 ministraturus,
1077 1122 1209 1198 quatenus

183 1224 252 1286 tieri
274 1223 412 1305 preterit,
435 1221 540 1304 parari
563 1224 653 1284 curet
674 1217 761 1302 apud
782 1218 941 1285 infirmum
961 1237 1104 1285 mensam
1115 1238 1209 1305 mappa

180 1329 316 1393 earidida
336 1335 538 1413 coopertam,
559 1329 699 1410 itemque
712 1344 785 1405 vas,
805 1327 839 1391 in
855 1344 923 1409 quo
944 1328 988 1390 sit
1008 1325 1209 1403 bomaeium,

180 1456 234 1503 seu
258 1435 337 1519 quid
359 1435 459 1500 simile
475 1435 507 1498 in
524 1439 647 1517 septem
664 1432 815 1516 globulos
829 1430 1036 1514 dumetum,
1054 1432 1097 1499 ad
1110 1432 1211 1499 auses

179 1541 296 1621 pendas
319 1549 425 1625 partes
448 1541 619 1619 inuuetas3
642 1538 814 1603 medullam
839 1538 931 1623 panis
954 1537 997 1604 ad
1018 1536 1211 1622 detergente

178 1648 319 1730 digitum
342 1654 375 1710 et
391 1663 507 1729 aquam
526 1644 568 1711 ad
583 1644 755 1710 abluendas
769 1643 947 1709 Sacerdotis
958 1661 1092 1727 manum
1107 1660 1211 1709 ceretu

177 1754 253 1817 item
266 1751 447 1831 candelam,
462 1769 533 1834 quae
544 1749 659 1815 deinde
671 1768 800 1815 aceensa
811 1750 872 1833 ipsi
886 1751 1018 1832 ungenti
1028 1749 1135 1815 tumen
1147 1766 1211 1833 pre·

179 1858 261 1922 irent.
279 1859 424 1940 Denique
436 1875 566 1939 operam
581 1854 688 1933 dabit,
703 1863 742 1920 ut
754 1863 874 1940 quauta
889 1858 1010 1939 peterit
1022 1854 1171 1921 munditia
1181 1870 1210 1917 ae

178 1968 279 2029 nitore
302 1965 364 2029 hee
386 1967 619 2027 Sacramenmm
641 1965 846 2028 ministretur.

241 2069 363 2134 Deinde
378 2069 563 2133 convocatis
574 2069 701 2134 Clerieis
713 2087 770 2133 seu
785 2068 955 2148 ministris,
968 2068 1021 2132 vel
1037 2068 1146 2133 saltem
1157 2081 1210 2130 uuo

175 2176 316 2256 clerieo,
337 2177 392 2259 qui
412 2177 546 2240 Crueem
565 2176 632 2239 sine
651 2175 765 2257 hasta,
784 2177 909 2258 nquam
932 2172 1133 2239 benedictum
1150 2188 1210 2237 eum

174 2284 374 2364 aspersorio,
395 2286 428 2345 et
440 2280 730 2345 librumliituulem
746 2279 887 2361 deierat,
906 2281 978 2364 ipse
991 2278 1152 2345 Pareehus
1164 2276 1210 2342 de-

173 2394 280 2450 eenter
296 2388 411 2471 arripit
430 2406 485 2450 ras
500 2389 580 2451 saeri
596 2387 665 2452 Olei
680 2386 878 2452 infirmorum
894 2385 1023 2451 saeeulo
1036 2385 1138 2450 seriae
1152 2384 1210 2447 rie·

175 2493 250 2556 tanei
272 2493 388 2557 eoloris
410 2494 588 2574 inclusum,
612 2492 757 2577 illudque
777 2499 869 2557 eaute
891 2491 1028 2572 deierat,
1047 2508 1088 2556 ne
1103 2486 1207 2555 effundi

174 2601 285 2680 possit.
307 2598 401 2679 Quod
422 2602 448 2663 si
468 2600 594 2680 longius
612 2601 672 2664 iter
690 2598 923 2683 peragendum,
947 2597 1113 2663 autetiam
1130 2593 1207 2677 equi·

173 2704 305 2769 tandum
326 2706 388 2785 sit,
413 2705 463 2769 rel
484 2706 562 2768 alias
581 2704 661 2770 adsit
680 2705 859 2787 perieulum
880 2702 1064 2786 effusionis,
1085 2719 1138 2766 ras
1158 2696 1206 2761 olei

170 2812 315 2891 saecule,
330 2817 384 2875 aut
399 2810 497 2874 bursa
512 2809 691 2890 inclusum,
709 2815 746 2875 ut
758 2809 879 2875 dietum
894 2816 961 2889 est,
977 2807 1021 2873 ud
1036 2806 1150 2874 eellum
1162 2820 1205 2885 ap

171 2916 307 2997 pemlat,
324 2923 360 2979 ut
371 2915 569 2979 commodius
582 2923 614 2980 et
625 2917 765 2980 securius
777 2915 928 2999 perferet.
947 2912 1105 2979 Procedant
1118 2916 1201 2976 autem

170 3022 235 3083 sine,
254 3023 362 3084 sonitu
386 3023 591 3104 eurupanulze.

236 3128 315 3189 Cum
336 3134 522 3209 peruentum
545 3129 641 3191 fuerit.
665 3127 705 3192 ad
726 3129 849 3208 ieeum,
873 3126 929 3191 ubi
948 3125 1034 3210 jacet
1056 3124 1197 3191 tritanu,

168 3230 321 3294 moerens
342 3233 462 3295 intrans
484 3233 687 3314 etthirulum,
712 3233 809 3298 uicit:
840 3237 906 3307 Pax
925 3234 1001 3307 huie
1021 3237 1143 3308 tenu.

230 3342 266 3421 n),
299 3337 339 3404 ut
361 3338 509 3409 omnibns
530 3341 750 3411 hebitiutibus
772 3344 806 3411 iu
828 3364 878 3414 ea.

236 3443 354 3507 tte-inde
366 3444 511 3526 ‹teposito
524 3448 603 3511 (tleo
618 3466 714 3530 snper
727 3465 883 3527 mensarn,
896 3447 1141 3530 superpelliceo,
1151 3444 1199 3502 ste

169 3550 260 3633 taqno
282 3550 424 3615 violaceo
445 3552 593 3633 indutus,
616 3560 738 3633 mureto
762 3555 894 3617 Crucem
911 3555 963 3635 pie
980 3545 1198 3617 deosculandam

168 3658 323 3739 porrigit3
346 3676 422 3721 mon
445 3659 477 3721 in
498 3658 631 3723 modurn
653 3659 757 3724 erucis
777 3678 848 3724 etun
872 3678 956 3741 aepua
978 3657 1161 3729 benedicta,
1178 3652 1200 3710 ti

166 3763 369 3847 entrieulum,
385 3771 417 3829 et
431 3765 672 3832 circumstantes
684 3765 840 3851 aspergit,
859 3765 967 3831 dieens
984 3764 1199 3848 Aritiphonnu:

170 3864 328 3951 Atptrges
343 3887 416 3955 me,
433 3872 589 3957 Domine,
607 3881 670 3942 ete.
687 3872 780 3953 Quod
797 3874 821 3937 si
836 3879 974 3953 egrotus
991 3870 1127 3934 voluerit
1143 3881 1203 3929 ren·

167 3974 264 4049 iiten,
286 3976 391 4041 aridior
414 3979 523 4055 ilium,
548 3987 580 4041 et
602 3980 757 4044 absolvat.
781 3979 904 4044 Deinde
922 3981 983 4061 piis
1005 3977 1109 4042 serbis
1129 3974 1206 4037 ittam

164 4084 367 4157 rotmoletnr,
388 4091 414 4144 rt
437 4084 476 4147 ‹te
496 4084 591 4164 nujus
613 4088 804 4151 Saerarnenti
828 4087 880 4159 ri,
906 4077 1208 4167 oppineimense
