<?xml version="1.0" encoding="UTF-8"?>
<!DOCTYPE html PUBLIC "-//W3C//DTD XHTML 1.0 Transitional//EN"
    "http://www.w3.org/TR/xhtml1/DTD/xhtml1-transitional.dtd">
<html xmlns="http://www.w3.org/1999/xhtml" xml:lang="en" lang="en">
 <head>
  <title>
</title>
<meta http-equiv="Content-Type" content="text/html;charset=utf-8" />
  <meta name='ocr-system' content='tesseract 3.04.00' />
  <meta name='ocr-capabilities' content='ocr_page ocr_carea ocr_par ocr_line ocrx_word'/>
</head>
<body>
  <div class='ocr_page' id='page_1' title='image "./ritualeromanump00churgoog_0098.png"; bbox 0 0 2782 4696; ppageno 0'>
   <div class='ocr_carea' id='block_1_1' title="bbox 392 275 1162 344">
    <p class='ocr_par' dir='ltr' id='par_1_1' title="bbox 392 275 1162 344">
     <span class='ocr_line' id='line_1_1' title="bbox 392 275 1162 344; baseline -0.018 -5"><span class='ocrx_word' id='word_1_1' title='bbox 392 276 440 339; x_wconf 89' lang='lat' dir='ltr'><strong>Dc</strong></span> <span class='ocrx_word' id='word_1_2' title='bbox 460 278 660 339; x_wconf 77' lang='lat' dir='ltr'><strong>Sacramenta</strong></span> <span class='ocrx_word' id='word_1_3' title='bbox 687 275 897 337; x_wconf 60' lang='lat' dir='ltr'><strong>instruentia,</strong></span> <span class='ocrx_word' id='word_1_4' title='bbox 1125 280 1162 344; x_wconf 66' lang='grc' dir='ltr'><strong>ῃ</strong></span> 
     </span>
    </p>
   </div>
   <div class='ocr_carea' id='block_1_2' title="bbox 144 396 1220 3866">
    <p class='ocr_par' dir='ltr' id='par_1_2' title="bbox 198 396 877 494">
     <span class='ocr_line' id='line_1_2' title="bbox 198 396 877 494; baseline -0.004 -24"><span class='ocrx_word' id='word_1_5' title='bbox 198 396 227 471; x_wconf 70' lang='lat' dir='ltr'><strong>i.</strong></span> <span class='ocrx_word' id='word_1_6' title='bbox 245 400 402 484; x_wconf 80' lang='lat' dir='ltr'><strong>Domine,</strong></span> <span class='ocrx_word' id='word_1_7' title='bbox 425 401 540 469; x_wconf 71' lang='lat' dir='ltr'><strong>mindi</strong></span> <span class='ocrx_word' id='word_1_8' title='bbox 562 403 741 494; x_wconf 80' lang='lat' dir='ltr'><strong>orationem</strong></span> <span class='ocrx_word' id='word_1_9' title='bbox 762 421 877 470; x_wconf 88' lang='lat' dir='ltr'><strong>meam.</strong></span> 
     </span>
    </p>

    <p class='ocr_par' dir='ltr' id='par_1_3' title="bbox 195 498 781 593">
     <span class='ocr_line' id='line_1_3' title="bbox 195 498 781 593; baseline -0.002 -18"><span class='ocrx_word' id='word_1_10' title='bbox 195 509 226 593; x_wconf 61' lang='lat' dir='ltr'><strong>ni.</strong></span> <span class='ocrx_word' id='word_1_11' title='bbox 242 510 283 574; x_wconf 88' lang='lat' dir='ltr'><strong>lit</strong></span> <span class='ocrx_word' id='word_1_12' title='bbox 303 508 425 575; x_wconf 87' lang='lat' dir='ltr'><strong>elamor</strong></span> <span class='ocrx_word' id='word_1_13' title='bbox 445 527 535 573; x_wconf 88' lang='lat' dir='ltr'><strong>urens</strong></span> <span class='ocrx_word' id='word_1_14' title='bbox 556 508 598 574; x_wconf 89' lang='lat' dir='ltr'><strong>ad</strong></span> <span class='ocrx_word' id='word_1_15' title='bbox 619 498 781 575; x_wconf 74' lang='lat' dir='ltr'><strong>teveniat.</strong></span> 
     </span>
    </p>

    <p class='ocr_par' dir='ltr' id='par_1_4' title="bbox 194 608 603 684">
     <span class='ocr_line' id='line_1_4' title="bbox 194 608 603 684; baseline -0.007 0"><span class='ocrx_word' id='word_1_16' title='bbox 194 608 226 684; x_wconf 70' lang='lat' dir='ltr'><strong>i·</strong></span> <span class='ocrx_word' id='word_1_17' title='bbox 243 615 401 681; x_wconf 77' lang='lat' dir='ltr'><strong>Dominus</strong></span> <span class='ocrx_word' id='word_1_18' title='bbox 424 614 603 681; x_wconf 83' lang='lat' dir='ltr'><strong>vobiscum.</strong></span> 
     </span>
    </p>

    <p class='ocr_par' dir='ltr' id='par_1_5' title="bbox 147 719 718 892">
     <span class='ocr_line' id='line_1_5' title="bbox 147 719 718 805; baseline -0.004 -16"><span class='ocrx_word' id='word_1_19' title='bbox 147 724 151 731; x_wconf 87' lang='lat'>&#39;</span> <span class='ocrx_word' id='word_1_20' title='bbox 190 722 224 799; x_wconf 69' lang='lat' dir='ltr'><strong>ab</strong></span> <span class='ocrx_word' id='word_1_21' title='bbox 246 719 288 786; x_wconf 84' lang='lat' dir='ltr'><strong>m</strong></span> <span class='ocrx_word' id='word_1_22' title='bbox 311 736 385 785; x_wconf 88' lang='lat' dir='ltr'><strong>eum</strong></span> <span class='ocrx_word' id='word_1_23' title='bbox 405 720 522 805; x_wconf 82' lang='lat' dir='ltr'><strong>spiritu</strong></span> <span class='ocrx_word' id='word_1_24' title='bbox 541 727 613 787; x_wconf 89' lang='lat' dir='ltr'><strong>tuo.</strong></span> <span class='ocrx_word' id='word_1_25' title='bbox 715 782 718 787; x_wconf 88' lang='lat'>.</span> 
     </span>
     <span class='ocr_line' id='line_1_6' title="bbox 553 827 696 892; baseline 0.007 -1"><span class='ocrx_word' id='word_1_26' title='bbox 553 827 696 892; x_wconf 73' lang='lat' dir='ltr'><strong>(bomne.</strong></span> 
     </span>
    </p>

    <p class='ocr_par' dir='ltr' id='par_1_6' title="bbox 199 929 1171 1016">
     <span class='ocr_line' id='line_1_7' title="bbox 199 929 1171 1016; baseline 0.006 -21"><span class='ocrx_word' id='word_1_27' title='bbox 199 946 258 996; x_wconf 82' lang='lat' dir='ltr'><strong>ans</strong></span> <span class='ocrx_word' id='word_1_28' title='bbox 272 931 331 1014; x_wconf 87' lang='lat' dir='ltr'><strong>qni</strong></span> <span class='ocrx_word' id='word_1_29' title='bbox 346 930 441 996; x_wconf 84' lang='lat' dir='ltr'><strong>uobis</strong></span> <span class='ocrx_word' id='word_1_30' title='bbox 462 931 523 996; x_wconf 87' lang='lat' dir='ltr'><strong>sub</strong></span> <span class='ocrx_word' id='word_1_31' title='bbox 544 933 743 998; x_wconf 77' lang='lat' dir='ltr'><strong>Sacrumemo</strong></span> <span class='ocrx_word' id='word_1_32' title='bbox 762 931 917 1014; x_wconf 74' lang='lat' dir='ltr'><strong>mirabili,</strong></span> <span class='ocrx_word' id='word_1_33' title='bbox 939 929 1094 1016; x_wconf 73' lang='lat' dir='ltr'><strong>puadonis</strong></span> <span class='ocrx_word' id='word_1_34' title='bbox 1105 939 1171 1001; x_wconf 75' lang='lat' dir='ltr'><strong>brar</strong></span> 
     </span>
    </p>

    <p class='ocr_par' dir='ltr' id='par_1_7' title="bbox 144 1035 1220 1533">
     <span class='ocr_line' id='line_1_8' title="bbox 196 1035 1220 1122; baseline 0.005 -22"><span class='ocrx_word' id='word_1_35' title='bbox 196 1035 385 1101; x_wconf 70' lang='lat' dir='ltr'><strong>neminum</strong></span> <span class='ocrx_word' id='word_1_36' title='bbox 399 1036 575 1120; x_wconf 71' lang='lat' dir='ltr'><strong>reliquisti:</strong></span> <span class='ocrx_word' id='word_1_37' title='bbox 600 1038 725 1121; x_wconf 81' lang='lat' dir='ltr'><strong>tribue,</strong></span> <span class='ocrx_word' id='word_1_38' title='bbox 747 1054 946 1122; x_wconf 60' lang='lat' dir='ltr'><strong>mamus,</strong></span> <span class='ocrx_word' id='word_1_39' title='bbox 960 1038 1004 1102; x_wconf 87' lang='lat' dir='ltr'><strong>ita</strong></span> <span class='ocrx_word' id='word_1_40' title='bbox 1017 1055 1077 1103; x_wconf 86' lang='lat' dir='ltr'><strong>nos</strong></span> <span class='ocrx_word' id='word_1_41' title='bbox 1090 1039 1169 1105; x_wconf 79' lang='lat' dir='ltr'><strong>Gor-</strong></span> <span class='ocrx_word' id='word_1_42' title='bbox 1217 1084 1220 1089; x_wconf 55' lang='lat'>&gt;</span> 
     </span>
     <span class='ocr_line' id='line_1_9' title="bbox 144 1140 1170 1228; baseline 0.003 -22"><span class='ocrx_word' id='word_1_43' title='bbox 144 1140 205 1205; x_wconf 82' lang='lat' dir='ltr'><strong>nris</strong></span> <span class='ocrx_word' id='word_1_44' title='bbox 220 1146 256 1206; x_wconf 91' lang='lat' dir='ltr'><strong>et</strong></span> <span class='ocrx_word' id='word_1_45' title='bbox 269 1142 436 1225; x_wconf 74' lang='lat' dir='ltr'><strong>sauguinis</strong></span> <span class='ocrx_word' id='word_1_46' title='bbox 456 1143 505 1206; x_wconf 94' lang='lat' dir='ltr'><strong>tui</strong></span> <span class='ocrx_word' id='word_1_47' title='bbox 527 1161 615 1208; x_wconf 83' lang='lat' dir='ltr'><strong>saera</strong></span> <span class='ocrx_word' id='word_1_48' title='bbox 635 1143 785 1228; x_wconf 72' lang='lat' dir='ltr'><strong>mysteria</strong></span> <span class='ocrx_word' id='word_1_49' title='bbox 803 1143 962 1224; x_wconf 80' lang='lat' dir='ltr'><strong>reneriri,</strong></span> <span class='ocrx_word' id='word_1_50' title='bbox 985 1147 1023 1207; x_wconf 91' lang='lat' dir='ltr'><strong>ut</strong></span> <span class='ocrx_word' id='word_1_51' title='bbox 1042 1142 1170 1209; x_wconf 74' lang='lat' dir='ltr'><strong>mieru-</strong></span> 
     </span>
     <span class='ocr_line' id='line_1_10' title="bbox 144 1246 1170 1334; baseline 0.002 -21"><span class='ocrx_word' id='word_1_52' title='bbox 144 1246 237 1313; x_wconf 76' lang='lat' dir='ltr'><strong>ntus</strong></span> <span class='ocrx_word' id='word_1_53' title='bbox 258 1253 322 1313; x_wconf 86' lang='lat' dir='ltr'><strong>tnae</strong></span> <span class='ocrx_word' id='word_1_54' title='bbox 343 1248 483 1314; x_wconf 81' lang='lat' dir='ltr'><strong>tractum</strong></span> <span class='ocrx_word' id='word_1_55' title='bbox 505 1250 539 1313; x_wconf 90' lang='lat' dir='ltr'><strong>in</strong></span> <span class='ocrx_word' id='word_1_56' title='bbox 560 1248 652 1315; x_wconf 88' lang='lat' dir='ltr'><strong>nobis</strong></span> <span class='ocrx_word' id='word_1_57' title='bbox 671 1248 792 1334; x_wconf 80' lang='lat' dir='ltr'><strong>jugiter</strong></span> <span class='ocrx_word' id='word_1_58' title='bbox 813 1250 995 1314; x_wconf 77' lang='lat' dir='ltr'><strong>sentiamus.</strong></span> <span class='ocrx_word' id='word_1_59' title='bbox 1013 1247 1075 1329; x_wconf 84' lang='lat' dir='ltr'><strong>Qui</strong></span> <span class='ocrx_word' id='word_1_60' title='bbox 1088 1250 1170 1316; x_wconf 80' lang='lat' dir='ltr'><strong>viris</strong></span> 
     </span>
     <span class='ocr_line' id='line_1_11' title="bbox 144 1354 1170 1437; baseline 0.006 -22"><span class='ocrx_word' id='word_1_61' title='bbox 144 1366 286 1435; x_wconf 57' lang='lat' dir='ltr'><strong>:mnae</strong></span> <span class='ocrx_word' id='word_1_62' title='bbox 307 1371 381 1418; x_wconf 88' lang='lat' dir='ltr'><strong>eum</strong></span> <span class='ocrx_word' id='word_1_63' title='bbox 401 1355 472 1419; x_wconf 87' lang='lat' dir='ltr'><strong>Deo</strong></span> <span class='ocrx_word' id='word_1_64' title='bbox 493 1355 587 1420; x_wconf 80' lang='lat' dir='ltr'><strong>Patre</strong></span> <span class='ocrx_word' id='word_1_65' title='bbox 607 1354 642 1419; x_wconf 92' lang='lat' dir='ltr'><strong>in</strong></span> <span class='ocrx_word' id='word_1_66' title='bbox 663 1355 786 1419; x_wconf 80' lang='lat' dir='ltr'><strong>unitite</strong></span> <span class='ocrx_word' id='word_1_67' title='bbox 806 1354 941 1437; x_wconf 86' lang='lat' dir='ltr'><strong>Spiritus</strong></span> <span class='ocrx_word' id='word_1_68' title='bbox 961 1354 1065 1420; x_wconf 78' lang='lat' dir='ltr'><strong>Sancti</strong></span> <span class='ocrx_word' id='word_1_69' title='bbox 1083 1355 1170 1421; x_wconf 82' lang='lat' dir='ltr'><strong>Deus</strong></span> 
     </span>
     <span class='ocr_line' id='line_1_12' title="bbox 144 1454 877 1533; baseline 0.001 -10"><span class='ocrx_word' id='word_1_70' title='bbox 144 1473 177 1524; x_wconf 84' lang='lat' dir='ltr'><strong>ar</strong></span> <span class='ocrx_word' id='word_1_71' title='bbox 195 1458 306 1524; x_wconf 84' lang='lat' dir='ltr'><strong>omnia</strong></span> <span class='ocrx_word' id='word_1_72' title='bbox 326 1458 441 1525; x_wconf 78' lang='lat' dir='ltr'><strong>secula</strong></span> <span class='ocrx_word' id='word_1_73' title='bbox 460 1459 662 1526; x_wconf 77' lang='lat' dir='ltr'><strong>occulorum.</strong></span> <span class='ocrx_word' id='word_1_74' title='bbox 713 1454 749 1533; x_wconf 75' lang='lat' dir='ltr'><strong>d·</strong></span> <span class='ocrx_word' id='word_1_75' title='bbox 763 1462 877 1526; x_wconf 76' lang='lat' dir='ltr'><strong>Amen.</strong></span> 
     </span>
    </p>

    <p class='ocr_par' dir='ltr' id='par_1_8' title="bbox 145 1556 1169 1947">
     <span class='ocr_line' id='line_1_13' title="bbox 340 1556 950 1642; baseline -0.015 -19"><span class='ocrx_word' id='word_1_76' title='bbox 340 1560 499 1642; x_wconf 82' lang='lat' dir='ltr'><strong>&#39;l&#39;empurc</strong></span> <span class='ocrx_word' id='word_1_77' title='bbox 520 1556 664 1621; x_wconf 80' lang='lat' dir='ltr'><strong>l‘nscbali</strong></span> <span class='ocrx_word' id='word_1_78' title='bbox 688 1556 802 1620; x_wconf 74' lang='lat' dir='ltr'><strong>(licitur</strong></span> <span class='ocrx_word' id='word_1_79' title='bbox 825 1557 950 1620; x_wconf 80' lang='lat' dir='ltr'><strong>Oratio:</strong></span> 
     </span>
     <span class='ocr_line' id='line_1_14' title="bbox 145 1664 1168 1754; baseline 0.001 -20"><span class='ocrx_word' id='word_1_80' title='bbox 145 1667 312 1753; x_wconf 62' lang='lat' dir='ltr'><strong>“intritum</strong></span> <span class='ocrx_word' id='word_1_81' title='bbox 323 1664 436 1750; x_wconf 89' lang='lat' dir='ltr'><strong>nobis,</strong></span> <span class='ocrx_word' id='word_1_82' title='bbox 452 1664 605 1750; x_wconf 78' lang='lat' dir='ltr'><strong>Domine,</strong></span> <span class='ocrx_word' id='word_1_83' title='bbox 618 1673 681 1734; x_wconf 76' lang='lat' dir='ltr'><strong>tuae</strong></span> <span class='ocrx_word' id='word_1_84' title='bbox 694 1667 855 1734; x_wconf 80' lang='lat' dir='ltr'><strong>ebarititis</strong></span> <span class='ocrx_word' id='word_1_85' title='bbox 868 1666 1017 1734; x_wconf 79' lang='lat' dir='ltr'><strong>infunde:</strong></span> <span class='ocrx_word' id='word_1_86' title='bbox 1033 1673 1072 1735; x_wconf 92' lang='lat' dir='ltr'><strong>ut</strong></span> <span class='ocrx_word' id='word_1_87' title='bbox 1084 1687 1168 1754; x_wconf 83' lang='lat' dir='ltr'><strong>quoa</strong></span> 
     </span>
     <span class='ocr_line' id='line_1_15' title="bbox 145 1722 1169 1863; baseline 0.001 -24"><span class='ocrx_word' id='word_1_88' title='bbox 145 1722 389 1863; x_wconf 45' lang='lat' dir='ltr'><strong>§indumentis</strong></span> <span class='ocrx_word' id='word_1_89' title='bbox 402 1772 605 1838; x_wconf 83' lang='lat' dir='ltr'><strong>Pascbtlibus</strong></span> <span class='ocrx_word' id='word_1_90' title='bbox 621 1774 740 1839; x_wconf 76' lang='lat' dir='ltr'><strong>mutati</strong></span> <span class='ocrx_word' id='word_1_91' title='bbox 753 1819 763 1855; x_wconf 96' lang='lat'><strong>,</strong></span> <span class='ocrx_word' id='word_1_92' title='bbox 778 1779 834 1838; x_wconf 90' lang='lat' dir='ltr'><strong>tua</strong></span> <span class='ocrx_word' id='word_1_93' title='bbox 848 1773 945 1840; x_wconf 67' lang='lat' dir='ltr'><strong>delas</strong></span> <span class='ocrx_word' id='word_1_94' title='bbox 957 1774 1075 1859; x_wconf 81' lang='lat' dir='ltr'><strong>piettte</strong></span> <span class='ocrx_word' id='word_1_95' title='bbox 1089 1792 1169 1840; x_wconf 89' lang='lat' dir='ltr'><strong>eon·</strong></span> 
     </span>
     <span class='ocr_line' id='line_1_16' title="bbox 146 1874 884 1947; baseline -0.001 -1"><span class='ocrx_word' id='word_1_96' title='bbox 146 1874 245 1946; x_wconf 63' lang='lat' dir='ltr'><strong>buo.</strong></span> <span class='ocrx_word' id='word_1_97' title='bbox 268 1880 331 1945; x_wconf 86' lang='lat' dir='ltr'><strong>Per</strong></span> <span class='ocrx_word' id='word_1_98' title='bbox 352 1878 512 1946; x_wconf 82' lang='lat' dir='ltr'><strong>Christum</strong></span> <span class='ocrx_word' id='word_1_99' title='bbox 533 1874 706 1947; x_wconf 80' lang='lat' dir='ltr'><strong>Dominum</strong></span> <span class='ocrx_word' id='word_1_100' title='bbox 727 1885 884 1946; x_wconf 74' lang='lat' dir='ltr'><strong>noenum.</strong></span> 
     </span>
    </p>

    <p class='ocr_par' dir='ltr' id='par_1_9' title="bbox 192 1969 691 2068">
     <span class='ocr_line' id='line_1_17' title="bbox 192 1969 691 2068; baseline -0.01 -16"><span class='ocrx_word' id='word_1_101' title='bbox 192 1988 226 2068; x_wconf 74' lang='lat' dir='ltr'><strong>n‘.</strong></span> <span class='ocrx_word' id='word_1_102' title='bbox 247 1988 369 2051; x_wconf 79' lang='lat' dir='ltr'><strong>Aurem·</strong></span> <span class='ocrx_word' id='word_1_103' title='bbox 466 2004 468 2009; x_wconf 92' lang='lat'>·</span> <span class='ocrx_word' id='word_1_104' title='bbox 603 1969 606 1975; x_wconf 67' lang='grc'><strong>’</strong></span> <span class='ocrx_word' id='word_1_105' title='bbox 688 1989 691 1994; x_wconf 83' lang='grc'><em>“</em></span> 
     </span>
    </p>

    <p class='ocr_par' dir='ltr' id='par_1_10' title="bbox 149 2080 1172 2899">
     <span class='ocr_line' id='line_1_18' title="bbox 194 2080 1170 2175; baseline -0.009 -21"><span class='ocrx_word' id='word_1_106' title='bbox 194 2094 365 2175; x_wconf 69' lang='lat' dir='ltr'><strong>Antequam</strong></span> <span class='ocrx_word' id='word_1_107' title='bbox 386 2096 521 2173; x_wconf 79' lang='lat' dir='ltr'><strong>reponat</strong></span> <span class='ocrx_word' id='word_1_108' title='bbox 542 2090 794 2163; x_wconf 80' lang='lat' dir='ltr'><strong>Sacramentum,</strong></span> <span class='ocrx_word' id='word_1_109' title='bbox 819 2082 987 2164; x_wconf 82' lang='lat' dir='ltr'><strong>‹bligeuter</strong></span> <span class='ocrx_word' id='word_1_110' title='bbox 1008 2080 1170 2161; x_wconf 79' lang='lat' dir='ltr'><strong>advertat,</strong></span> 
     </span>
     <span class='ocr_line' id='line_1_19' title="bbox 149 2186 1171 2281; baseline -0.007 -23"><span class='ocrx_word' id='word_1_111' title='bbox 149 2203 173 2258; x_wconf 88' lang='lat' dir='ltr'><strong>ul</strong></span> <span class='ocrx_word' id='word_1_112' title='bbox 186 2199 203 2260; x_wconf 85' lang='lat' dir='ltr'><strong>si</strong></span> <span class='ocrx_word' id='word_1_113' title='bbox 216 2196 343 2281; x_wconf 80' lang='lat' dir='ltr'><strong>aliquod</strong></span> <span class='ocrx_word' id='word_1_114' title='bbox 363 2196 577 2277; x_wconf 76' lang='lat' dir='ltr'><strong>fragmentum</strong></span> <span class='ocrx_word' id='word_1_115' title='bbox 597 2191 703 2273; x_wconf 79' lang='lat' dir='ltr'><strong>digitis</strong></span> <span class='ocrx_word' id='word_1_116' title='bbox 726 2189 907 2269; x_wconf 74' lang='lat' dir='ltr'><strong>adlrrmeril,</strong></span> <span class='ocrx_word' id='word_1_117' title='bbox 931 2186 1010 2251; x_wconf 91' lang='lat' dir='ltr'><strong>illud</strong></span> <span class='ocrx_word' id='word_1_118' title='bbox 1028 2189 1060 2250; x_wconf 89' lang='lat' dir='ltr'><strong>in</strong></span> <span class='ocrx_word' id='word_1_119' title='bbox 1076 2189 1171 2271; x_wconf 81' lang='lat' dir='ltr'><strong>pyxi-</strong></span> 
     </span>
     <span class='ocr_line' id='line_1_20' title="bbox 151 2294 1172 2387; baseline -0.008 -23"><span class='ocrx_word' id='word_1_120' title='bbox 151 2299 200 2366; x_wconf 85' lang='lat' dir='ltr'><strong>dcu</strong></span> <span class='ocrx_word' id='word_1_121' title='bbox 218 2304 371 2387; x_wconf 87' lang='lat' dir='ltr'><strong>deponat,</strong></span> <span class='ocrx_word' id='word_1_122' title='bbox 396 2307 429 2365; x_wconf 87' lang='lat' dir='ltr'><strong>et</strong></span> <span class='ocrx_word' id='word_1_123' title='bbox 442 2299 571 2364; x_wconf 87' lang='lat' dir='ltr'><strong>eosdem</strong></span> <span class='ocrx_word' id='word_1_124' title='bbox 585 2298 717 2380; x_wconf 78' lang='lat' dir='ltr'><strong>digitus,</strong></span> <span class='ocrx_word' id='word_1_125' title='bbox 740 2295 857 2378; x_wconf 86' lang='lat' dir='ltr'><strong>quibus</strong></span> <span class='ocrx_word' id='word_1_126' title='bbox 871 2296 975 2376; x_wconf 86' lang='lat' dir='ltr'><strong>tetigit</strong></span> <span class='ocrx_word' id='word_1_127' title='bbox 990 2294 1172 2357; x_wconf 82' lang='lat' dir='ltr'><strong>Sacramen-</strong></span> 
     </span>
     <span class='ocr_line' id='line_1_21' title="bbox 151 2399 1170 2491; baseline -0.009 -20"><span class='ocrx_word' id='word_1_128' title='bbox 151 2412 211 2488; x_wconf 82' lang='lat' dir='ltr'><strong>lm,</strong></span> <span class='ocrx_word' id='word_1_129' title='bbox 227 2410 354 2491; x_wconf 85' lang='lat' dir='ltr'><strong>abluat,</strong></span> <span class='ocrx_word' id='word_1_130' title='bbox 380 2415 412 2472; x_wconf 90' lang='lat' dir='ltr'><strong>ct</strong></span> <span class='ocrx_word' id='word_1_131' title='bbox 434 2407 594 2487; x_wconf 82' lang='lat' dir='ltr'><strong>abstergat</strong></span> <span class='ocrx_word' id='word_1_132' title='bbox 615 2402 856 2487; x_wconf 86' lang='lat' dir='ltr'><strong>purificatorio:</strong></span> <span class='ocrx_word' id='word_1_133' title='bbox 883 2399 1078 2464; x_wconf 79' lang='lat' dir='ltr'><strong>nlrlutiouem</strong></span> <span class='ocrx_word' id='word_1_134' title='bbox 1094 2417 1170 2463; x_wconf 87' lang='lat' dir='ltr'><strong>vero</strong></span> 
     </span>
     <span class='ocr_line' id='line_1_22' title="bbox 152 2507 1169 2594; baseline -0.01 -17"><span class='ocrx_word' id='word_1_135' title='bbox 152 2523 239 2594; x_wconf 82' lang='lat' dir='ltr'><strong>mat,</strong></span> <span class='ocrx_word' id='word_1_136' title='bbox 264 2517 291 2580; x_wconf 85' lang='lat' dir='ltr'><strong>si</strong></span> <span class='ocrx_word' id='word_1_137' title='bbox 304 2513 534 2591; x_wconf 79' lang='lat' dir='ltr'><strong>celebraverit,</strong></span> <span class='ocrx_word' id='word_1_138' title='bbox 558 2516 612 2575; x_wconf 84' lang='lat' dir='ltr'><strong>aut</strong></span> <span class='ocrx_word' id='word_1_139' title='bbox 633 2512 691 2586; x_wconf 84' lang='lat' dir='ltr'><strong>iis,</strong></span> <span class='ocrx_word' id='word_1_140' title='bbox 715 2509 770 2589; x_wconf 92' lang='lat' dir='ltr'><strong>qui</strong></span> <span class='ocrx_word' id='word_1_141' title='bbox 787 2515 863 2570; x_wconf 91' lang='lat' dir='ltr'><strong>tnnc</strong></span> <span class='ocrx_word' id='word_1_142' title='bbox 879 2507 1169 2583; x_wconf 88' lang='lat' dir='ltr'><strong>communicarunt,</strong></span> 
     </span>
     <span class='ocr_line' id='line_1_23' title="bbox 151 2611 1172 2697; baseline -0.009 -15"><span class='ocrx_word' id='word_1_143' title='bbox 151 2620 303 2684; x_wconf 80' lang='lat' dir='ltr'><strong>mendam</strong></span> <span class='ocrx_word' id='word_1_144' title='bbox 327 2619 445 2697; x_wconf 81' lang='lat' dir='ltr'><strong>tradat,</strong></span> <span class='ocrx_word' id='word_1_145' title='bbox 468 2625 524 2681; x_wconf 86' lang='lat' dir='ltr'><strong>aut</strong></span> <span class='ocrx_word' id='word_1_146' title='bbox 544 2616 656 2680; x_wconf 87' lang='lat' dir='ltr'><strong>saltem</strong></span> <span class='ocrx_word' id='word_1_147' title='bbox 671 2616 704 2677; x_wconf 93' lang='lat' dir='ltr'><strong>iu</strong></span> <span class='ocrx_word' id='word_1_148' title='bbox 721 2614 892 2677; x_wconf 86' lang='lat' dir='ltr'><strong>sacrarium</strong></span> <span class='ocrx_word' id='word_1_149' title='bbox 905 2611 1040 2694; x_wconf 81' lang='lat' dir='ltr'><strong>injiciat.</strong></span> <span class='ocrx_word' id='word_1_150' title='bbox 1058 2612 1172 2674; x_wconf 81' lang='lat' dir='ltr'><strong>Postea</strong></span> 
     </span>
     <span class='ocr_line' id='line_1_24' title="bbox 150 2709 1171 2808; baseline -0.016 -17"><span class='ocrx_word' id='word_1_151' title='bbox 150 2726 331 2801; x_wconf 74' lang='lat' dir='ltr'><strong>numeneus</strong></span> <span class='ocrx_word' id='word_1_152' title='bbox 352 2725 482 2808; x_wconf 83' lang='lat' dir='ltr'><strong>reponit</strong></span> <span class='ocrx_word' id='word_1_153' title='bbox 497 2725 732 2787; x_wconf 87' lang='lat' dir='ltr'><strong>Sacramentum</strong></span> <span class='ocrx_word' id='word_1_154' title='bbox 747 2709 781 2782; x_wconf 87' lang='lat' dir='ltr'><strong>in</strong></span> <span class='ocrx_word' id='word_1_155' title='bbox 797 2718 1020 2793; x_wconf 86' lang='lat' dir='ltr'><strong>tabernaculo,</strong></span> <span class='ocrx_word' id='word_1_156' title='bbox 1036 2722 1069 2777; x_wconf 91' lang='lat' dir='ltr'><strong>et</strong></span> <span class='ocrx_word' id='word_1_157' title='bbox 1082 2714 1171 2777; x_wconf 85' lang='lat' dir='ltr'><strong>clave</strong></span> 
     </span>
     <span class='ocr_line' id='line_1_25' title="bbox 149 2826 259 2899; baseline 0 -2"><span class='ocrx_word' id='word_1_158' title='bbox 149 2826 259 2899; x_wconf 75' lang='lat' dir='ltr'><strong>lbmmt.</strong></span> 
     </span>
    </p>

    <p class='ocr_par' dir='ltr' id='par_1_11' title="bbox 149 2930 1169 3338">
     <span class='ocr_line' id='line_1_26' title="bbox 189 2930 1168 3012; baseline -0.015 -9"><span class='ocrx_word' id='word_1_159' title='bbox 189 2939 306 3006; x_wconf 83' lang='lat' dir='ltr'><strong>Deinde</strong></span> <span class='ocrx_word' id='word_1_160' title='bbox 328 2943 454 3004; x_wconf 80' lang='lat' dir='ltr'><strong>extenta</strong></span> <span class='ocrx_word' id='word_1_161' title='bbox 474 2955 573 3001; x_wconf 87' lang='lat' dir='ltr'><strong>mauu</strong></span> <span class='ocrx_word' id='word_1_162' title='bbox 590 2933 736 3005; x_wconf 82' lang='lat' dir='ltr'><strong>dexteru,</strong></span> <span class='ocrx_word' id='word_1_163' title='bbox 760 2930 918 2995; x_wconf 81' lang='lat' dir='ltr'><strong>benedicit</strong></span> <span class='ocrx_word' id='word_1_164' title='bbox 941 2931 978 2992; x_wconf 88' lang='lat' dir='ltr'><strong>iis</strong></span> <span class='ocrx_word' id='word_1_165' title='bbox 1000 2930 1053 3012; x_wconf 85' lang='lat' dir='ltr'><strong>qui</strong></span> <span class='ocrx_word' id='word_1_166' title='bbox 1078 2944 1168 2991; x_wconf 90' lang='lat' dir='ltr'><strong>eom-</strong></span> 
     </span>
     <span class='ocr_line' id='line_1_27' title="bbox 149 3038 1169 3126; baseline -0.003 -17"><span class='ocrx_word' id='word_1_167' title='bbox 149 3048 347 3125; x_wconf 88' lang='lat' dir='ltr'><strong>nuniearnut,</strong></span> <span class='ocrx_word' id='word_1_168' title='bbox 371 3044 505 3110; x_wconf 84' lang='lat' dir='ltr'><strong>dicens:</strong></span> <span class='ocrx_word' id='word_1_169' title='bbox 532 3038 716 3106; x_wconf 86' lang='lat' dir='ltr'><strong>Benedictio</strong></span> <span class='ocrx_word' id='word_1_170' title='bbox 742 3040 802 3106; x_wconf 88' lang='lat' dir='ltr'><strong>Dei</strong></span> <span class='ocrx_word' id='word_1_171' title='bbox 828 3041 1077 3126; x_wconf 75' lang='lat' dir='ltr'><strong>omnipotentis,</strong></span> <span class='ocrx_word' id='word_1_172' title='bbox 1104 3041 1169 3106; x_wconf 89' lang='lat' dir='ltr'><strong>Pa·</strong></span> 
     </span>
     <span class='ocr_line' id='line_1_28' title="bbox 149 3136 1167 3232; baseline 0.005 -25"><span class='ocrx_word' id='word_1_173' title='bbox 149 3136 200 3226; x_wconf 74' lang='lat' dir='ltr'><strong>rb,</strong></span> <span class='ocrx_word' id='word_1_174' title='bbox 224 3160 258 3227; x_wconf 62' lang='lat' dir='ltr'><strong>ff,</strong></span> <span class='ocrx_word' id='word_1_175' title='bbox 288 3147 323 3208; x_wconf 90' lang='lat' dir='ltr'><strong>et</strong></span> <span class='ocrx_word' id='word_1_176' title='bbox 336 3143 428 3228; x_wconf 82' lang='lat' dir='ltr'><strong>Filii,</strong></span> <span class='ocrx_word' id='word_1_177' title='bbox 450 3151 483 3211; x_wconf 88' lang='lat' dir='ltr'><strong>et</strong></span> <span class='ocrx_word' id='word_1_178' title='bbox 502 3146 636 3232; x_wconf 85' lang='lat' dir='ltr'><strong>Spiritus</strong></span> <span class='ocrx_word' id='word_1_179' title='bbox 651 3150 777 3231; x_wconf 83' lang='lat' dir='ltr'><strong>Sancti,</strong></span> <span class='ocrx_word' id='word_1_180' title='bbox 794 3147 962 3214; x_wconf 77' lang='lat' dir='ltr'><strong>descendat</strong></span> <span class='ocrx_word' id='word_1_181' title='bbox 975 3167 1070 3232; x_wconf 85' lang='lat' dir='ltr'><strong>super</strong></span> <span class='ocrx_word' id='word_1_182' title='bbox 1085 3167 1167 3230; x_wconf 84' lang='lat' dir='ltr'><strong>ros,</strong></span> 
     </span>
     <span class='ocr_line' id='line_1_29' title="bbox 150 3250 1079 3338; baseline -0.003 -21"><span class='ocrx_word' id='word_1_183' title='bbox 150 3250 300 3317; x_wconf 68' lang='lat' dir='ltr'><strong>tarnat</strong></span> <span class='ocrx_word' id='word_1_184' title='bbox 320 3268 456 3338; x_wconf 80' lang='lat' dir='ltr'><strong>semper.</strong></span> <span class='ocrx_word' id='word_1_185' title='bbox 501 3259 539 3337; x_wconf 64' lang='lat' dir='ltr'><strong>b*-</strong></span> <span class='ocrx_word' id='word_1_186' title='bbox 567 3257 681 3319; x_wconf 81' lang='lat' dir='ltr'><strong>Amen.</strong></span> <span class='ocrx_word' id='word_1_187' title='bbox 1076 3262 1079 3267; x_wconf 85' lang='grc'><strong><em>·</em></strong></span> 
     </span>
    </p>

    <p class='ocr_par' dir='ltr' id='par_1_12' title="bbox 150 3356 1170 3866">
     <span class='ocr_line' id='line_1_30' title="bbox 184 3356 1169 3444; baseline -0.02 -13"><span class='ocrx_word' id='word_1_188' title='bbox 184 3365 373 3432; x_wconf 82' lang='lat' dir='ltr'><strong>communio</strong></span> <span class='ocrx_word' id='word_1_189' title='bbox 389 3368 493 3426; x_wconf 86' lang='lat' dir='ltr'><strong>antem</strong></span> <span class='ocrx_word' id='word_1_190' title='bbox 510 3362 623 3444; x_wconf 82' lang='lat' dir='ltr'><strong>poprrli</strong></span> <span class='ocrx_word' id='word_1_191' title='bbox 636 3362 718 3422; x_wconf 85' lang='lat' dir='ltr'><strong>iutra</strong></span> <span class='ocrx_word' id='word_1_192' title='bbox 729 3358 853 3420; x_wconf 80' lang='lat' dir='ltr'><strong>blissam</strong></span> <span class='ocrx_word' id='word_1_193' title='bbox 867 3356 973 3418; x_wconf 84' lang='lat' dir='ltr'><strong>statim</strong></span> <span class='ocrx_word' id='word_1_194' title='bbox 990 3360 1063 3435; x_wconf 66' lang='lat' dir='ltr'><strong>prist</strong></span> <span class='ocrx_word' id='word_1_195' title='bbox 1079 3367 1169 3413; x_wconf 86' lang='lat' dir='ltr'><strong>cour-</strong></span> 
     </span>
     <span class='ocr_line' id='line_1_31' title="bbox 150 3455 1170 3539; baseline -0.02 -2"><span class='ocrx_word' id='word_1_196' title='bbox 150 3473 301 3537; x_wconf 87' lang='lat' dir='ltr'><strong>nuioucm</strong></span> <span class='ocrx_word' id='word_1_197' title='bbox 322 3467 498 3533; x_wconf 84' lang='lat' dir='ltr'><strong>Sacerdotis</strong></span> <span class='ocrx_word' id='word_1_198' title='bbox 519 3466 706 3530; x_wconf 86' lang='lat' dir='ltr'><strong>celebrantis</strong></span> <span class='ocrx_word' id='word_1_199' title='bbox 728 3461 797 3525; x_wconf 88' lang='lat' dir='ltr'><strong>fieri</strong></span> <span class='ocrx_word' id='word_1_200' title='bbox 819 3461 915 3525; x_wconf 89' lang='lat' dir='ltr'><strong>debet</strong></span> <span class='ocrx_word' id='word_1_201' title='bbox 939 3458 1010 3537; x_wconf 78' lang='lat' dir='ltr'><strong>(nisi</strong></span> <span class='ocrx_word' id='word_1_202' title='bbox 1025 3455 1170 3539; x_wconf 83' lang='lat' dir='ltr'><strong>quaudo·</strong></span> 
     </span>
     <span class='ocr_line' id='line_1_32' title="bbox 151 3563 1168 3654; baseline -0.022 -9"><span class='ocrx_word' id='word_1_203' title='bbox 151 3596 181 3645; x_wconf 86' lang='lat' dir='ltr'><strong>re</strong></span> <span class='ocrx_word' id='word_1_204' title='bbox 201 3597 241 3643; x_wconf 80' lang='lat' dir='ltr'><strong>ex</strong></span> <span class='ocrx_word' id='word_1_205' title='bbox 264 3574 447 3642; x_wconf 88' lang='lat' dir='ltr'><strong>rationabili</strong></span> <span class='ocrx_word' id='word_1_206' title='bbox 470 3592 566 3637; x_wconf 81' lang='lat' dir='ltr'><strong>eausa</strong></span> <span class='ocrx_word' id='word_1_207' title='bbox 584 3579 662 3654; x_wconf 79' lang='lat' dir='ltr'><strong>post</strong></span> <span class='ocrx_word' id='word_1_208' title='bbox 682 3570 808 3634; x_wconf 79' lang='lat' dir='ltr'><strong>Missam</strong></span> <span class='ocrx_word' id='word_1_209' title='bbox 832 3569 872 3631; x_wconf 84' lang='lat' dir='ltr'><strong>sit</strong></span> <span class='ocrx_word' id='word_1_210' title='bbox 893 3563 1071 3641; x_wconf 85' lang='lat' dir='ltr'><strong>iacienda),</strong></span> <span class='ocrx_word' id='word_1_211' title='bbox 1095 3578 1168 3625; x_wconf 88' lang='lat' dir='ltr'><strong>cum</strong></span> 
     </span>
     <span class='ocr_line' id='line_1_33' title="bbox 151 3672 1168 3766; baseline -0.023 -14"><span class='ocrx_word' id='word_1_212' title='bbox 151 3688 307 3766; x_wconf 83' lang='lat' dir='ltr'><strong>rationes,</strong></span> <span class='ocrx_word' id='word_1_213' title='bbox 321 3702 392 3766; x_wconf 86' lang='lat' dir='ltr'><strong>quae</strong></span> <span class='ocrx_word' id='word_1_214' title='bbox 404 3683 438 3744; x_wconf 89' lang='lat' dir='ltr'><strong>in</strong></span> <span class='ocrx_word' id='word_1_215' title='bbox 452 3681 549 3745; x_wconf 86' lang='lat' dir='ltr'><strong>llissa</strong></span> <span class='ocrx_word' id='word_1_216' title='bbox 560 3685 637 3763; x_wconf 86' lang='lat' dir='ltr'><strong>post</strong></span> <span class='ocrx_word' id='word_1_217' title='bbox 648 3678 912 3742; x_wconf 78' lang='lat' dir='ltr'><strong>communionem</strong></span> <span class='ocrx_word' id='word_1_218' title='bbox 924 3672 1087 3747; x_wconf 87' lang='lat' dir='ltr'><strong>dicuntur,</strong></span> <span class='ocrx_word' id='word_1_219' title='bbox 1102 3686 1168 3730; x_wconf 90' lang='lat' dir='ltr'><strong>nun</strong></span> 
     </span>
     <span class='ocr_line' id='line_1_34' title="bbox 152 3776 1168 3866; baseline -0.025 -9"><span class='ocrx_word' id='word_1_220' title='bbox 152 3792 218 3857; x_wconf 89' lang='lat' dir='ltr'><strong>lum</strong></span> <span class='ocrx_word' id='word_1_221' title='bbox 244 3788 286 3855; x_wconf 86' lang='lat' dir='ltr'><strong>ad</strong></span> <span class='ocrx_word' id='word_1_222' title='bbox 308 3787 527 3866; x_wconf 84' lang='lat' dir='ltr'><strong>Sacerdotem,</strong></span> <span class='ocrx_word' id='word_1_223' title='bbox 551 3784 607 3849; x_wconf 84' lang='lat' dir='ltr'><strong>sed</strong></span> <span class='ocrx_word' id='word_1_224' title='bbox 630 3784 724 3846; x_wconf 88' lang='lat' dir='ltr'><strong>etiam</strong></span> <span class='ocrx_word' id='word_1_225' title='bbox 749 3780 787 3844; x_wconf 88' lang='lat' dir='ltr'><strong>ad</strong></span> <span class='ocrx_word' id='word_1_226' title='bbox 809 3780 886 3842; x_wconf 85' lang='lat' dir='ltr'><strong>ulios</strong></span> <span class='ocrx_word' id='word_1_227' title='bbox 903 3776 1168 3840; x_wconf 77' lang='lat' dir='ltr'><strong>communicantes</strong></span> 
     </span>
    </p>
   </div>
   <div class='ocr_carea' id='block_1_3' title="bbox 152 3904 1168 4262">
    <p class='ocr_par' dir='ltr' id='par_1_13' title="bbox 152 3904 1168 4262">
     <span class='ocr_line' id='line_1_35' title="bbox 152 3904 272 3964; baseline -0.042 0"><span class='ocrx_word' id='word_1_228' title='bbox 152 3904 272 3964; x_wconf 83' lang='lat' dir='ltr'><strong>natent.</strong></span> 
     </span>
     <span class='ocr_line' id='line_1_36' title="bbox 177 3990 1168 4088; baseline -0.025 -17"><span class='ocrx_word' id='word_1_229' title='bbox 177 4008 296 4088; x_wconf 85' lang='lat' dir='ltr'><strong>ltaque</strong></span> <span class='ocrx_word' id='word_1_230' title='bbox 317 4002 487 4083; x_wconf 82' lang='lat' dir='ltr'><strong>Sacerdos,</strong></span> <span class='ocrx_word' id='word_1_231' title='bbox 510 4004 639 4081; x_wconf 85' lang='lat' dir='ltr'><strong>sumpto</strong></span> <span class='ocrx_word' id='word_1_232' title='bbox 662 3994 870 4061; x_wconf 78' lang='lat' dir='ltr'><strong>sacratissimo</strong></span> <span class='ocrx_word' id='word_1_233' title='bbox 887 3990 1042 4070; x_wconf 84' lang='lat' dir='ltr'><strong>Sanguine</strong></span> <span class='ocrx_word' id='word_1_234' title='bbox 1059 4034 1067 4067; x_wconf 87' lang='lat'><strong>,</strong></span> <span class='ocrx_word' id='word_1_235' title='bbox 1083 3993 1168 4049; x_wconf 81' lang='lat' dir='ltr'><strong>altir-</strong></span> 
     </span>
     <span class='ocr_line' id='line_1_37' title="bbox 152 4091 1165 4193; baseline -0.025 -17"><span class='ocrx_word' id='word_1_236' title='bbox 152 4130 211 4177; x_wconf 79' lang='lat' dir='ltr'><strong>aun</strong></span> <span class='ocrx_word' id='word_1_237' title='bbox 228 4128 263 4175; x_wconf 78' lang='lat' dir='ltr'><strong>ac</strong></span> <span class='ocrx_word' id='word_1_238' title='bbox 279 4107 447 4193; x_wconf 80' lang='lat' dir='ltr'><strong>purificet,</strong></span> <span class='ocrx_word' id='word_1_239' title='bbox 466 4112 567 4191; x_wconf 81' lang='lat' dir='ltr'><strong>ponat</strong></span> <span class='ocrx_word' id='word_1_240' title='bbox 581 4102 755 4171; x_wconf 83' lang='lat' dir='ltr'><strong>Partionlns</strong></span> <span class='ocrx_word' id='word_1_241' title='bbox 769 4104 965 4166; x_wconf 79' lang='lat' dir='ltr'><strong>curraccrutns</strong></span> <span class='ocrx_word' id='word_1_242' title='bbox 980 4098 1012 4159; x_wconf 90' lang='lat' dir='ltr'><strong>iu</strong></span> <span class='ocrx_word' id='word_1_243' title='bbox 1030 4091 1165 4177; x_wconf 68' lang='lat' dir='ltr'><strong>pyxide:</strong></span> 
     </span>
     <span class='ocr_line' id='line_1_38' title="bbox 1040 4201 1061 4262; baseline 0 0"><span class='ocrx_word' id='word_1_244' title='bbox 1040 4201 1061 4262; x_wconf 73' lang='lat' dir='ltr'><strong>S</strong></span> 
     </span>
    </p>
   </div>
   <div class='ocr_carea' id='block_1_4' title="bbox 0 0 1404 4696">
    <p class='ocr_par' dir='ltr' id='par_1_14' title="bbox 0 0 1404 4696">
     <span class='ocr_line' id='line_1_39' title="bbox 0 0 1404 4696; baseline 0 0"><span class='ocrx_word' id='word_1_245' title='bbox 0 0 1404 4696; x_wconf 95' lang='lat' dir='ltr'><strong> </strong></span> 
     </span>
    </p>
   </div>
  </div>
 </body>
</html>
