2812 5070
311 655 372 719 13⁰
661 653 785 719 ltituale
806 655 995 719 Romanum.

370 780 518 843 stetero
540 776 752 856 beatissimam
773 778 919 844 Theclam
943 780 1108 864 Virginem
1130 787 1164 846 et
1187 781 1356 866 liortymm

305 889 395 949 tuam
415 883 455 949 de
474 883 579 949 tubus
597 885 799 951 atrocissimis
810 887 978 953 tormentis
988 887 1150 970 Abmasa,
1164 889 1211 953 sic
1224 887 1359 954 liberam

306 988 446 1073 dignaris
467 992 603 1056 animam
620 989 715 1074 hujus
737 993 820 1058 servi
840 994 910 1076 tui,
930 1000 963 1059 et
980 1000 1088 1061 mum
1108 995 1204 1060 iacias
1217 994 1359 1060 inbonis

306 1096 509 1180 congaudere
527 1096 715 1163 coelostibus.

372 1208 410 1288 n).
431 1186 545 1270 Amen.

768 1309 891 1377 oratio.

307 1417 623 1594 Commendamus
644 1417 728 1499 tibi,
751 1418 909 1501 Domine,
934 1418 1071 1484 mam
1092 1419 1205 1485 famuli
1224 1420 1275 1483 tui
1298 1414 1358 1502 N„

380 1527 613 1611 precamurque
629 1531 680 1606 te,
697 1524 833 1589 Domine
847 1525 923 1589 Jesu
937 1524 1059 1590 Ghnste
1074 1526 1219 1591 vaotor
1230 1523 1358 1604 mundi,

307 1640 345 1698 ut
365 1639 499 1717 propter
515 1650 613 1716 mam
628 1631 669 1696 ad
684 1638 803 1696 terram
814 1630 1062 1697 misericorditer
1074 1631 1281 1715 descendisti,
1298 1634 1360 1697 Pa·

306 1740 519 1804 triarcharum
531 1740 662 1803 tuorum
676 1736 797 1801 sinibus
808 1737 967 1802 insinnare
976 1755 1043 1803 non
1053 1739 1178 1804 ianuas.
1193 1738 1357 1821 Agnosce,

307 1847 464 1927 Domine,
488 1846 663 1910 creatarum
679 1849 788 1926 tuem,
807 1861 874 1909 non
893 1861 913 1908 a
928 1842 992 1910 diis
1005 1844 1115 1910 alianis
1128 1847 1288 1926 meolam,
1305 1843 1358 1908 wa

307 1960 373 2019 ate
386 1953 456 2018 solo
472 1954 540 2016 Deo
557 1952 629 2015 vivo
645 1957 678 2014 et
692 1969 789 2013 vcro:
813 1949 969 2032 quianon
988 1957 1037 2015 est
1051 1951 1131 2016 alins
1144 1952 1231 2015 Deus
1245 1957 1358 2034 preter

308 2065 363 2138 te,
379 2065 411 2121 et
425 2077 491 2123 non
506 2063 554 2122 est
565 2055 737 2120 secandum
756 2057 855 2138 opera
868 2061 935 2119 tua.
954 2055 1106 2135 Laetifica,
1121 2057 1277 2138 Domine,
1293 2057 1358 2119 ani-

308 2181 393 2227 mam
416 2160 484 2245 ejus
504 2163 538 2225 iu
560 2161 731 2245 compacta
751 2166 828 2240 tuo,
850 2166 883 2224 et
897 2178 937 2223 ne
956 2161 1135 2226 memineris
1154 2161 1358 2244 iniquitatum

307 2267 376 2352 ejus
396 2269 617 2350 antiquarum,
638 2273 670 2330 et
681 2265 890 2347 ebrietatum,
908 2284 987 2348 quas
997 2266 1158 2331 suscitavit
1170 2265 1277 2345 maor,
1294 2266 1359 2331 sive

308 2376 418 2440 fervor
430 2375 504 2438 mali
518 2372 676 2438 desidorii.
690 2374 777 2437 Licet
788 2373 871 2437 enim
884 2374 1078 2456 peccaverit,
1094 2379 1201 2437 tamen
1213 2373 1355 2452 Patrem,

308 2481 491 2560 etlilium,
509 2485 541 2542 ct
555 2479 705 2561 Spiritum
724 2481 873 2543 Sanctum
886 2497 952 2543 non
968 2481 1113 2560 negavit,
1133 2478 1191 2544 sed
1205 2477 1355 2561 madidit,

309 2592 342 2649 et
363 2585 465 2648 zelum
486 2585 546 2648 Dei
571 2586 604 2648 in
629 2604 662 2648 se
684 2584 819 2665 hibuit,
846 2589 878 2647 et
899 2585 1024 2667 Deum,
1050 2585 1107 2669 qui
1127 2584 1206 2648 iecit
1227 2584 1356 2665 omnia,

179 2690 183 2698 ’
308 2690 445 2755 odanto
465 2690 621 2756 adoravit.

580 2853 583 2858 .
769 2792 888 2857 Oratio.

308 2900 482 3068 Delicta
504 2900 701 2984 jus'entritis,
725 2909 758 2965 ct
782 2901 977 2984 ignorantias
1003 2898 1094 2984 ejus,
1118 2918 1298 2984 quesumus
1319 2919 1357 2964 ne

389 3009 588 3090 mammetis,
610 3008 767 3072 Domine:
792 3007 849 3072 sed
873 3007 1047 3072 secandum
1068 3023 1215 3088 magnam
1234 3006 1356 3073 miseri-

310 3114 450 3183 cordiam
474 3123 561 3181 tuam
583 3133 706 3178 memor
731 3121 798 3178 esto
821 3114 906 3178 illius
928 3116 961 3178 in
982 3114 1084 3196 gloria
1105 3113 1259 3177 claritatis
1284 3118 1354 3177 ture.

308 3226 502 3307 Aperiantur
513 3225 542 3286 ei
553 3221 636 3302 coeli,
652 3221 846 3285 collaetantur
856 3221 903 3285 illi
915 3221 1039 3302 Angeli.
1054 3222 1092 3283 ln
1102 3237 1237 3302 regnum
1249 3225 1355 3298 mum,

307 3328 466 3407 Domine,
488 3347 613 3391 servum
630 3334 720 3390 tuum
741 3327 876 3409 suscipe.
896 3328 1049 3409 Suscipiat
1062 3343 1135 3388 eum
1151 3327 1285 3390 Sanctus
1298 3324 1357 3388 lli-

308 3433 398 3499 chacl
419 3433 634 3515 Archangelus
653 3434 733 3512 Dei,
751 3434 806 3516 qui
824 3432 941 3496 militia
960 3431 1093 3496 eoelastis
1107 3432 1224 3496 meruit
1239 3430 1356 3516 princi-

307 3543 431 3622 patum.
450 3540 585 3603 Veniant
600 3538 645 3601 illi
659 3537 784 3601 obviam
798 3538 902 3601 Sancti
915 3537 1027 3619 angeli
1039 3537 1119 3618 Dei,
1135 3543 1167 3601 et
1181 3535 1357 3620 perducant

308 3662 382 3709 eum
395 3645 430 3709 in
443 3645 603 3709 civitatem
618 3644 775 3709 coelastem
788 3645 806 3707 J
808 3643 974 3707 erasalem.
990 3644 1143 3726 suscipiat
1157 3661 1233 3707 eum
1243 3644 1357 3707 Beatus

307 3752 420 3815 Petrus
439 3752 630 3833 Apostolus,
656 3751 708 3814 cui
725 3769 744 3814 a
759 3752 828 3814 Deo
849 3750 953 3814 claves
974 3751 1064 3831 regni
1085 3749 1220 3813 coelostis
1236 3748 1357 3814 tradita

307 3864 393 3921 sunt.
419 3856 558 3940 Adjuvet
579 3875 653 3920 eum
673 3859 801 3921 Sanctus
822 3855 940 3933 Paulus
956 3856 1147 3938 Apostolus,
1171 3854 1229 3938 qui
1246 3854 1357 3938 dignus

306 3965 371 4030 iuit
386 3984 453 4029 esse
468 3983 522 4030 vas
537 3965 711 4029 electionis.
733 3964 913 4029 Intercadst
935 3983 994 4048 pro
1017 3983 1056 4028 eo
1074 3965 1206 4027 Sanctus
1221 3963 1357 4027 Ioannes

307 4072 426 4136 electus
445 4072 505 4135 Dei
520 4072 712 4155 Apostolus,
737 4072 789 4135 cui
811 4072 948 4135 revelAta
965 4076 1039 4135 sunt
1056 4069 1179 4135 secrato
1193 4068 1354 4134 caelastis:

307 4177 407 4243 Orent
430 4197 490 4261 pro
518 4198 556 4241 eo
581 4197 690 4242 omnes
714 4178 819 4242 Sancti
841 4177 1011 4260 Apostoli,
1039 4175 1156 4259 quihus
1176 4195 1197 4239 a
1217 4173 1356 4240 Domino

306 4282 381 4348 data
402 4290 451 4348 est
473 4286 611 4368 potastas
632 4284 773 4366 ligandi,
796 4291 890 4367 atque
907 4282 1062 4348 salvandi.
1079 4281 1285 4347 Intercadant
1298 4298 1356 4365 pro

306 4406 345 4452 eo
361 4406 471 4453 omnes
484 4389 587 4454 Sancti
602 4396 634 4452 et
648 4389 746 4453 Elacti
759 4390 840 4470 Dei,
863 4391 920 4473 qui
935 4407 996 4472 pro
1010 4388 1126 4452 Christi
1141 4388 1273 4452 nomine
1287 4393 1357 4452 tor·

306 4495 412 4559 monta
423 4496 456 4559 in
468 4494 532 4561 hoc
544 4497 657 4562 saeculo
670 4496 902 4561 sustinuarunt:
917 4501 954 4559 ut
964 4494 1099 4560 vinculis
1112 4494 1216 4560 earnis
1227 4494 1357 4573 amus,
