2782 4696
377 404 453 481 nn
488 397 925 482 PROCESSIONE
1014 368 1016 373 ’

327 607 362 666 tn
386 606 465 667 festo
487 606 676 668 sanctissimi
702 608 852 687 Corporis
877 608 1001 668 titii-isti.

504 800 820 861 ’witigem‘

147 953 346 1117 Decenter
362 1052 512 1108 ornentur
529 1045 673 1108 Ecclesia
685 1051 717 1107 et
732 1048 867 1126 parietes
879 1047 1019 1126 riorum,
1039 1067 1095 1130 per
1111 1069 1188 1132 quas

147 1162 188 1217 cst
209 1151 455 1230 transeundum,
479 1151 661 1233 tapetibrm‚
686 1156 718 1214 et
739 1152 864 1232 attinio,
889 1159 921 1216 ct
940 1157 1035 1217 saeris
1051 1157 1187 1237 imagini·

148 1259 217 1338 hus,
241 1279 308 1322 non
330 1264 436 1322 autem
452 1257 615 1341 profanis,
640 1265 695 1321 aut
713 1259 801 1321 ranis
822 1258 952 1340 figuris,
976 1280 1031 1323 seu
1053 1262 1189 1343 indignis

148 1366 344 1428 ornamentis.

203 1471 356 1535 Sacerdos
378 1471 516 1552 primum
538 1470 663 1532 Missam
686 1468 843 1549 celebret,
875 1471 908 1532 in
931 1488 995 1552 qna
1024 1471 1102 1535 dnos
1127 1473 1189 1537 ho-

147 1579 213 1642 stias
237 1584 419 1656 consecret,
445 1584 476 1640 et
498 1583 622 1659 sumpta
639 1596 722 1655 una,
746 1577 874 1639 atteram
890 1576 923 1639 in
938 1577 1189 1645 Tabernaculum

148 1683 174 1746 in
193 1685 400 1747 Processione
425 1682 628 1747 deferendum
654 1684 698 1746 ita
722 1688 877 1764 reponat,
903 1689 938 1745 ut
963 1702 1021 1763 per
1049 1685 1186 1763 vitrum,

147 1806 192 1850 seu
219 1789 423 1871 crystallum,
458 1806 523 1869 qno
549 1790 651 1869 ipsum
680 1787 914 1851 tabernaculum
945 1790 1188 1870 circumseptum

147 1909 203 1955 csse
224 1893 340 1972 debet,
366 1894 502 1956 exterius
525 1892 730 1956 adorantibus
753 1900 919 1975 appareat,
944 1893 1080 1975 veloque
1109 1912 1189 1976 ope-

147 1997 256 2076 riatur,
283 1999 386 2062 donce
401 1999 562 2063 auferatur
576 1998 615 2088 ab
631 1999 732 2062 altari.
754 1999 885 2061 Peracto
900 2006 1003 2061 autem
1020 1997 1186 2074 sacrificio,

147 2109 171 2165 et
193 2105 394 2186 processione
416 2103 479 2186 jam
499 2105 664 2184 inchoata,
690 2103 822 2183 ordine,
848 2121 911 2185 quo
928 2103 993 2186 jam
1017 2122 1113 2185 supra
1135 2103 1186 2166 di-

147 2214 220 2272 ctum
244 2218 291 2272 cst
314 2211 344 2272 in
368 2211 496 2273 Litaniis
519 2209 710 2292 majoribus,
736 2210 887 2273 Sacerdos
905 2210 1034 2291 pluuiali
1051 2209 1124 2273 albo
1141 2211 1188 2272 in-

147 2312 252 2396 dutum
278 2323 326 2378 tcr
349 2318 488 2378 incenset
510 2317 743 2378 Sacramentum
767 2315 959 2396 gerrusscxus.

199 2419 321 2483 Deinde
344 2421 502 2483 Dioconus
527 2422 699 2502 oblongum
725 2440 761 2482 ac.
785 2420 898 2483 doeens
923 2421 1025 2483 selom
1052 2421 1187 2483 circnm-

147 2524 226 2602 ponit
251 2525 387 2604 scapulis
410 2525 606 2603 Sacerdotis,
631 2527 687 2606 qni
711 2533 798 2606 parte
815 2527 875 2588 reli
892 2532 963 2587 ante
980 2532 1090 2607 pectus
1107 2543 1187 2606 pen·

147 2627 248 2709 tento,
281 2636 414 2712 utroquo
444 2650 539 2693 mann
573 2637 750 2712 cooperta,
780 2631 1017 2708 Ostensorinm,
1047 2648 1104 2691 scu
1128 2631 1188 2690 Ta·

147 2736 337 2799 ientaculum
362 2756 379 2799 a
403 2738 545 2800 Diaeono
567 2739 626 2801 sitii
647 2745 827 2819 porrectum
853 2742 1033 2799 reverenter
1056 2736 1187 2816 suscipit

149 2861 336 2925 usupremo
358 2845 474 2907 Altaris
503 2845 627 2926 gradu:
657 2864 731 2907 mox
757 2844 797 2907 ad
822 2845 930 2906 Altare
962 2842 1126 2921 aseendit,
1157 2848 1188 2902 et

147 2948 367 3012 iaeramentnm
390 2957 461 3012 onte
483 2952 591 3017 taciem
615 2958 743 3029 tenens,
769 2951 864 3013 ierne
886 2969 918 3013 se
942 2948 981 3011 ad
1004 2948 1185 3030 populum,

148 3052 207 3117 nde
232 3054 394 3118 deseendit
426 3056 484 3119 snb
520 3057 658 3119 uintiolla
694 3056 918 3119 comitantibus
945 3053 1117 3130 ttiuistris,
1154 3057 1185 3114 et

147 3156 199 3221 tuo
221 3160 372 3242 Acolythi
388 3161 435 3223 vel
456 3162 568 3224 Clerici
585 3182 658 3225 cum
673 3163 842 3225 thuribulis
857 3160 1083 3225 etsumantitrns
1106 3175 1186 3240 prm·

147 3264 265 3328 edunt.
866 3325 868 3330 ,
943 3285 945 3288 ⁴

200 3371 317 3434 Omnes
340 3375 521 3453 praecedunt
537 3376 624 3438 nudo
648 3377 751 3457 eapite
768 3393 917 3438 accensos
933 3391 1040 3436 cereos
1058 3375 1184 3450 gestan-

148 3494 206 3555 οε,
234 3483 265 3538 et.
290 3487 456 3559 sequentes
482 3483 624 3562 Hymoos
655 3500 715 3562 pro
742 3480 941 3563 longitudine
974 3459 1187 3540 processionis

147 3580 249 3644 {erote
273 3585 483 3648 concinentes.
509 3589 592 3649 Dum
615 3606 691 3650 vero
707 3587 860 3650 Sacerdos
876 3584 1007 3648 discedit
1024 3582 1062 3644 ati
1081 3581 1182 3659 altari,

147 3685 263 3766 Herus,
289 3689 337 3751 vel
358 3692 510 3754 Sacerdos
529 3699 655 3757 cantare
675 3693 786 3775 incipit
809 3696 989 3772 sequentem
