2782 4696
1090 263 1112 308 V

59 346 240 426 Ecclesiae
267 347 403 444 Ritus,
433 346 503 453 qui
528 347 572 424 in
592 345 934 427 sacramentorum
951 343 1114 425 admiui·
1143 381 1153 401 ·
1287 372 1297 383 ·

60 454 278 549 stratione,
307 452 470 560 aliisque
488 453 728 533 Ecclesiastis
744 451 1017 533 functionibus
1035 451 1115 530 seri

60 556 329 656 vendebant,
345 558 395 637 ab
415 558 485 652 iis,
501 559 574 667 qui
592 587 729 640 curam
741 560 960 639 animarum
998 558 1114 637 eruut
1154 559 1162 577 ¹

61 664 299 770 Apostolicae
314 662 426 743 Sedis
438 666 670 750 auctoritate
688 664 918 765 prodirent,
933 692 956 743 a
1002 662 1115 768 cujus

60 768 272 848 voluminis
287 770 579 891 prescriptum,
599 772 643 849 in
661 789 771 851 tanta
787 769 1003 851 Ritualium
1014 766 1115 847 mul·

61 871 248 969 titudine,
262 902 333 954 sua
346 875 403 953 illi
414 875 628 970 nunisteria
639 893 840 985 tamquam
853 872 905 954 ad
917 873 1115 982 publicam

62 996 102 1057 et
128 980 371 1086 obsignatam
397 1009 575 1060 normam
631 997 860 1088 eragerent,
888 1005 1052 1086 unoque
1069 1005 1115 1057 ac

62 1084 169 1163 fideli
182 1085 305 1164 ductu
319 1086 516 1166 inoffenso
533 1115 583 1194 pe
612 1115 634 1166 c
653 1087 900 1167 ambularent
912 1112 1002 1164 cum
1020 1110 1116 1163 con·

61 1217 192 1269 sensu.
223 1189 345 1290 Quod
371 1190 531 1300 quidem
545 1189 779 1299 jampridem
796 1192 982 1313 agitatum
998 1215 1115 1295 nego
1209 1243 1212 1247 -

62 1297 184 1392 tium,
214 1313 425 1418 postquam
442 1296 696 1376 Generalium
713 1296 980 1376 Conciliorum
992 1319 1116 1399 graeoc

62 1401 264 1507 latineque
289 1399 424 1481 divina
458 1403 581 1508 gratia
606 1399 802 1482 editorum
836 1428 940 1508 opus
971 1400 1117 1478 morari

63 1504 228 1603 desivit,
256 1507 421 1586 sollicite
447 1533 588 1613 urgere
602 1507 734 1588 Nostri
751 1507 925 1586 muneris
940 1530 1024 1584 esse
1041 1504 1120 1583 exi·

62 1612 315 1692 stimavimus.
345 1611 402 1691 Ut
417 1628 547 1693 autem
570 1629 702 1707 recte,
731 1630 771 1692 ct
787 1610 952 1708 ordine,
980 1625 1028 1689 ut
1073 1637 1119 1689 ar

61 1733 166 1810 erat,
195 1744 257 1796 res
282 1734 486 1825 ageretur,
516 1715 718 1798 nonnullis
743 1746 794 1798 ex
810 1715 1036 1797 Venerabil‘
1068 1741 1118 1794 us

62 1821 267 1900 Fratribus
279 1823 426 1901 nostris
443 1821 483 1901 S.
499 1825 546 1901 R.
568 1826 615 1903 E.
635 1820 936 1918 Cardinalibus,
952 1820 1114 1934 pietate,
1239 1830 1242 1838 '

62 1925 244 2005 doctrina
275 1945 315 2006 et
344 1926 558 2035 prudentia
590 1927 899 2036 praestantibus,
937 1953 1024 2006 eam
1055 1923 1119 2005 de·

61 2029 334 2111 mandavimus
346 2092 357 2127 ,
387 2035 458 2140 qui
485 2062 576 2112 cum
602 2034 768 2113 consilio
794 2030 1046 2112 eruditorum·
1065 2031 1119 2109 vi-

63 2166 223 2232 rorum,
245 2138 444 2246 variisque
471 2140 688 2245 praesertim
706 2138 905 2246 antiquis,
935 2154 992 2232 et,
1030 2163 1121 2245 quoe

62 2243 395 2323 circumferuntur
414 2307 425 2342 ‚
454 2245 678 2325 Ritualibus
695 2245 908 2339 consultis,
928 2268 1058 2349 coque
1077 2243 1121 2320 in

62 2350 221 2456 primis,
251 2349 364 2457 quod
390 2352 450 2428 vir
468 2351 656 2457 singulari
672 2352 829 2458 pietatis
855 2351 966 2442 zelo,
996 2365 1035 2427 et
1053 2345 1118 2426 do

61 2457 189 2533 ctrina
215 2454 331 2533 bonae
357 2457 553 2534 memoriae
578 2455 705 2535 Julius
726 2455 924 2535 Antonius
939 2452 979 2531 S.
1001 2454 1049 2531 R.
1068 2453 1113 2530 E.
1142 2465 1147 2475 '

61 2559 280 2639 Cardinalis
292 2559 331 2637 S.
346 2560 539 2639 Severiuae
554 2578 821 2668 nuncupatus,
836 2560 957 2665 longo
968 2557 1115 2655 studio,

62 2668 264 2772 multaque
284 2664 476 2745 industria
503 2683 542 2745 et
566 2666 702 2744 labore
721 2666 988 2773 plenissimum
1012 2691 1120 2742 com-

63 2788 272 2876 posuerat,
301 2771 500 2877 rebusque
526 2772 711 2850 omnibus
729 2787 881 2850 mature
901 2766 1120 2848 considera·

64 2879 141 2973 tis,
172 2875 329 2955 demum
353 2876 487 2956 diviua
505 2877 703 2998 aspirante
722 2877 949 2972 clementia,
970 2891 1120 2981 quanta

62 2984 242 3089 oportuit
265 2983 479 3077 brevitate,
509 2982 662 3061 R1tuale
679 2981 949 3062 confecerunt.
969 2980 1017 3060 ln
1035 3006 1120 3089 quo

63 3116 155 3165 cum
174 3104 353 3194 receptos
380 3106 420 3166 et
446 3117 469 3166 a
498 3088 688 3193 probatos
710 3088 921 3167 Catholicae
940 3086 1121 3166 Ecclesioe

61 3194 177 3270 Ritus
203 3221 275 3271 suo
302 3192 442 3271 ordine
461 3116 632 3298 ‹ligestos
649 3195 995 3301 conspexerimus,
1021 3189 1120 3271 illud

64 3298 140 3375 sub
176 3300 335 3377 nomine
373 3299 538 3378 Ritualis
564 3301 732 3377 Romani
755 3300 895 3378 merito
922 3295 1120 3378 edendum

63 3403 226 3508 publico
251 3405 432 3483 Ecclesiae
459 3403 531 3482 Dei
562 3404 671 3483 bono
706 3404 974 3484 'udicavimus
1011 3403 1121 3502 Qua·

62 3527 228 3614 propter
241 3510 447 3587 hortamur
461 3510 504 3587 in
514 3511 686 3588 Domino
698 3435 953 3590 l'enerabiles
964 3509 1121 3588 Fratres

63 3616 328 3707 Patriarchas,
358 3615 712 3722 Archiepiscopos,
742 3634 782 3696 et
807 3618 1048 3723 Episcopos,
1077 3630 1117 3692 et

63 3718 228 3798 dilectos
254 3720 374 3798 Filios
400 3748 539 3799 eorum
557 3722 763 3813 Vicarios,
793 3749 969 3800 necnon
991 3720 1121 3800 Abba

62 3841 145 3918 tes,
177 3828 374 3905 Parochos
401 3828 632 3920 universos,
661 3827 813 3934 ubique
839 3828 1019 3906 locorum
1041 3828 1120 3906 exi·
1216 3812 1223 3828 ⁹

62 3947 235 4024 stantes,
267 3950 305 4009 et
332 3933 457 4028 alios,
487 3930 539 4011 ad
565 3960 669 4054 quos
695 3951 871 4039 spectat,
911 3949 956 4010 ut
982 3933 1023 4010 in
1080 3960 1118 4012 o

62 4053 209 4130 aterum
227 4055 426 4144 tamquam
443 4039 624 4118 Ecclesrae
642 4040 828 4118 Romanae
842 4038 927 4137 filii,
944 3960 1119 4146 ejusdbm
