2782 4696
315 348 390 433 ss,
430 347 644 436 uonrur
678 347 888 438 uosrm

222 540 767 662 BENEDICTI
822 543 991 661 XIV.

374 732 630 802 .lPOSTOLICAE
654 734 832 803 LITIIIRIII

79 919 119 982 In
140 918 243 983 forma
264 920 372 985 Brevis
394 918 434 985 dc
455 937 541 984 nova
561 921 707 998 annoto,
730 920 949 982 Coranooc'olis
969 921 1133 999 Episcopo-

126 1043 209 1103 rum,
235 1043 360 1089 necnon
375 1029 408 1089 ct
430 1028 554 1088 Romani
570 1025 754 1103 Pontificolir
775 1022 936 1102 editione,
959 1040 997 1088 ex
1018 1022 1135 1106 qmbus

124 1129 290 1214 selegimus
312 1148 383 1214 qun
404 1129 530 1196 Rituale
551 1127 773 1196 tantummodo
798 1133 955 1212 spectant.

247 1279 627 1366 BENEDIGTUS
664 1285 817 1367 PAPA
846 1282 953 1366 XIV.

335 1461 386 1525 ld
408 1467 593 1546 perpetuam
615 1460 661 1524 rei
682 1460 879 1527 memoriam.

80 1622 157 1827 O
167 1738 258 1788 uam
273 1707 427 1788 ardenti
446 1707 598 1808 studio,
619 1708 840 1789 incredibili
853 1708 1131 1810 sollicitudine,

78 1815 236 1896 assidua
254 1842 372 1909 cura,
395 1832 434 1893 et
452 1813 668 1910 indefess0,
690 1813 962 1924 diuturnoque
975 1816 1130 1912 labore,

79 1921 268 2000 adhibitis
294 1922 435 2018 etiam,
461 1923 676 2029 accitisque
697 1919 966 2043 undequaque
979 1921 1073 2001 viris
1091 1923 1135 2002 in

78 2025 195 2106 Sacra
214 2027 426 2123 Doctrina,
456 2026 742 2209 disciplinaque
765 2027 1030 2107 Ecclesiastico
1049 2054 1136 2107 ver·

79 2135 194 2228 satis,
232 2159 346 2238 aeque
373 2160 419 2211 ac
446 2132 497 2213 de
523 2161 655 2212 rerum
716 2132 972 2239 iturgicarum
993 2132 1136 2240 peritia

79 2239 348 2344 peritissimis,
377 2235 551 2317 sedulam
570 2266 728 2345 operam
749 2239 990 2332 navaverint,
1011 2254 1134 2347 atque

80 2341 358 2423 contenderint
376 2342 683 2423 Praedecessores
696 2343 829 2423 Nostri
846 2344 1014 2425 Romani
1033 2346 1136 2424 Pon-

79 2448 222 2544 tifices,
246 2465 293 2525 ut
316 2448 472 2528 Rituale
489 2452 740 2543 Romanum,
769 2450 1045 2530 CaeremoniaIe
1063 2446 1136 2529 Ve-

80 2554 316 2633 nerabilium
330 2554 511 2633 Fratrum
525 2556 834 2661 Episcoporum,
850 2573 891 2633 et
909 2554 1136 2636 Pontificale

79 2661 326 2754 Romanum,
357 2661 437 2740 sive
464 2657 679 2739 emendatis
697 2659 924 2755 erroribus,
954 2661 1036 2739 sive
1053 2687 1136 2739 cor·

80 2768 196 2843 rectis
223 2763 609 2859 inordinationibus,
638 2765 719 2844 sive
745 2762 883 2844 ablatis
909 2763 1133 2865 inutilibus,

79 2870 161 2949 sive
186 2870 375 2948 restitutis
401 2872 645 2965 necessariis,
675 2869 725 2949 ad
756 2892 841 2949 eam
867 2868 1027 2951 tandem
1054 2869 1136 2951 for-

79 3004 203 3070 mam,
234 3003 522 3100 normamquc,
559 2977 674 3084 juxta
707 3003 828 3083 quam
860 2974 911 3056 de
948 2976 1134 3085 praesenti

80 3083 171 3159 usui
198 3097 315 3178 sunt,
345 3110 513 3161 maximo
541 3110 633 3161 cum
659 3083 837 3162 omnium
862 3083 1039 3162 virorum
1064 3082 1135 3163 Ec·

79 3187 384 3265 clesiasticorum
411 3187 619 3268 commodo
646 3205 686 3267 et
712 3189 878 3266 utilitate
911 3186 1135 3295 redigeren-

80 3309 169 3388 tur;
200 3308 358 3399 praestat
383 3294 426 3370 in
453 3294 589 3400 primis
615 3292 830 3400 intelligere
853 3320 905 3371 ex
922 3294 1017 3400 ipsis
1040 3320 1136 3400 prae-

79 3398 212 3475 sertim
239 3398 476 3504 Apostolicis
502 3400 544 3477 in
571 3398 686 3477 simili
703 3396 828 3478 forma
846 3397 979 3478 Brevis
996 3398 1136 3479 litteris

81 3501 310 3582 eorumdem
333 3502 668 3584 Praedeccssorum
681 3502 931 3602 Nostrorum,
952 3505 1022 3611 qui
1041 3519 1133 3610 post

79 3604 118 3683 S.
150 3610 261 3686 Pium
294 3610 441 3715 Papam
471 3609 521 3687 V.
555 3608 675 3689 felicis
701 3606 1010 3703 recordationis,
1044 3609 1132 3688 Cle·

80 3739 189 3790 mens
225 3713 332 3793 VIII.
370 3715 623 3793 Innocentius
654 3716 705 3793 X.
742 3714 888 3794 Paulus
920 3713 972 3792 V.
1006 3713 1135 3794 Urba·

79 3844 157 3894 nus
182 3817 289 3896 VIII.
322 3835 361 3898 et
387 3819 623 3900 Benedictus
650 3820 757 3898 XIII.
778 3818 830 3898 ad
848 3819 1132 3927 gravissimum,

80 3920 434 4033 dignissimumque
461 3923 689 4034 hujusmodi
716 3951 820 4032 opus
846 3926 1033 4004 omnibus
1058 3954 1135 4003 nu·

81 4029 195 4106 meris
214 4028 498 4113 absolvendum
518 4058 599 4112 sese
615 4058 690 4138 pro
708 4031 859 4110 viribus
877 4027 1130 4111 addixerunt.

935 4151 951 4182 ί
