2782 4696
354 254 401 318 De
422 254 619 320 sacramanto
642 256 788 341 baptismi
1084 250 1107 312 ⁹

108 369 151 423 Ae
167 366 253 436 lieet,
265 374 384 440 ungam
400 366 698 442 montanamque
717 365 856 441 baptisare
867 366 940 424 attii
954 365 1106 441 impertiam

55 461 152 513 umen
170 458 298 531 proprios
313 456 449 532 Baptismi
465 456 680 516 administrandi
692 456 770 515 loona
786 466 829 516 eet
845 457 987 525 bonimio,
1008 456 1040 512 in
1051 471 1107 529 que

57 543 94 599 eit
113 544 190 602 Pone
208 544 406 619 neptunalia,
424 546 467 604 rei
484 554 559 604 eerte
575 545 770 619 Baptieterium
789 560 873 619 propo
891 544 1053 604 Euoleeiam.

110 633 209 707 itaque
218 634 382 694 neeeesitnte
392 642 520 708 excepta,
530 635 562 692 in
573 636 684 709 privatis
695 635 763 692 louis
774 650 856 692 nemo
869 633 1001 707 baptizari
1010 632 1107 703 debet,
1179 638 1182 646 '

57 720 114 776 nisi
129 721 203 780 torto
219 722 278 779 eint
294 724 422 797 Regum,
440 730 490 781 aut
508 739 673 798 magnorum
690 724 852 797 Principum
869 723 922 780 tilii
939 720 969 779 tt
986 723 1054 795 ipsis
1069 724 1109 781 tta

57 807 294 882 depmtibm
313 809 466 868 dummodo
482 809 511 869 id
527 812 577 868 tiet
596 812 627 868 in
644 826 741 869 eorum
753 809 873 883 capellis
889 826 940 868 sen
956 810 1107 877 Ontonia,

57 904 86 952 et
107 897 139 952 in
158 912 232 971 aqna
249 900 413 972 baptismati
430 897 466 957 de
482 914 561 957 more
576 899 731 957 boneffiam.

112 987 311 1059 baptisterium
326 988 365 1045 sit
381 987 490 1047 menti
505 989 567 1046 louo
585 997 614 1046 ut
632 986 742 1058 mama,
764 988 934 1061 materiaque
950 987 1061 1056 solida,
1082 995 1111 1045 et

59 1091 123 1147 quar
147 1091 250 1149 aquam
271 1076 343 1135 bane
360 1078 521 1150 anatinam,
541 1076 671 1135 decenter
687 1086 839 1145 ornatum,
857 1087 886 1134 et
906 1077 1038 1135 oanooliie
1055 1078 1110 1134 eir·

59 1172 237 1237 conseptum
250 1206 259 1234 ‚
272 1180 333 1222 rere
344 1173 374 1223 et
383 1167 458 1224 alere
471 1165 611 1223 munimur
622 1208 631 1236 ‚
649 1173 732 1238 atarto
751 1166 790 1223 ita
808 1165 965 1223 obseratum
978 1207 987 1236 ‚
1005 1174 1038 1222 nt
1050 1165 1111 1239 put·

59 1254 119 1319 uie,
135 1252 180 1308 uei
195 1253 258 1311 alite
274 1251 369 1311 sordes
386 1253 461 1311 intro
477 1270 535 1311 non
553 1263 716 1327 penetrant,
734 1255 765 1310 in
782 1269 870 1328 eoque
882 1295 890 1322 ‚
904 1253 953 1311 ubi
967 1251 1113 1311 oommorie

59 1341 120 1396 beri
131 1348 241 1412 potest,
254 1340 422 1415 depingatur
432 1343 524 1417 imago
540 1344 636 1400 Sancti
653 1344 770 1401 ioannis
780 1342 922 1400 Christum
936 1341 1109 1414 baptizantis.

238 1515 279 1560 ua
300 1512 409 1560 saenis
430 1494 540 1575 onnia,
565 1513 605 1559 nr
627 1514 712 1559 sarrs
737 1516 916 1573 arroutsrrrs

59 1639 200 1750 Semnan
217 1692 362 1760 ebriane,
380 1698 409 1749 et
425 1701 553 1750 emotum
570 1691 686 1760 Oleum,
705 1692 777 1766 quod
796 1700 825 1750 et
844 1691 1112 1750 Catbuonmouorum

59 1779 188 1848 dieitur,
207 1795 327 1854 quonum
343 1795 413 1838 uene
427 1787 469 1838 eat
489 1781 519 1838 in
536 1781 695 1854 Baptismm
714 1778 810 1838 eodem
829 1794 903 1838 anno
920 1779 978 1838 sint
994 1779 1030 1836 ab
1048 1779 1113 1852 lipi-

61 1883 146 1941 eeopo
162 1866 199 1924 de
218 1883 294 1926 more
313 1866 458 1927 benedicte
474 1869 554 1927 Faria
574 1870 608 1927 V.
628 1868 658 1926 in
675 1869 760 1926 Coena
777 1868 902 1925 Domini.

112 1957 202 2013 Curet
225 1955 389 2026 Patauina,
406 1963 441 2013 ut
456 1971 489 2014 aa
506 1971 558 2014 eno
576 1964 699 2030 tompore
715 1956 923 2029 quamprimum
944 1952 1064 2024 babeat,
1086 1964 1116 2011 et

62 2052 131 2101 tuno
148 2053 240 2102 amera
256 2045 288 2101 in
304 2045 427 2102 Mesia
444 2044 597 2103 oumburat.

112 2131 262 2189 Veteribus
282 2131 380 2204 oleta,
399 2133 454 2190 nisi
476 2135 627 2190 neoemitae
645 2141 746 2207 ungat,
763 2133 837 2191 nitra
854 2147 960 2189 annum
978 2145 1036 2188 non
1051 2139 1114 2189 uta·

63 2228 127 2277 tur:
140 2235 176 2278 ee
185 2222 212 2277 si
222 2220 338 2280 ietieem
349 2221 515 2292 mouentur,
535 2228 564 2279 et
582 2221 730 2291 Cbriema‚
751 2231 801 2279 eut
820 2222 920 2281 Oleum
938 2219 1114 2279 benedictum

62 2308 349 2383 babemnonpodm
368 2310 445 2370 eliud
463 2311 565 2368 oleum
585 2310 620 2368 da
639 2311 720 2369 otim
737 2326 795 2368 non
809 2310 985 2368 benedictum
1004 2308 1116 2382 adjicia-

63 2405 128 2467 tur,
150 2397 202 2455 sed
220 2399 252 2455 in
272 2399 373 2457 minori
391 2400 554 2474 punitate.

114 2487 266 2558 Cbmsma,
284 2496 314 2545 et
331 2488 432 2546 Oleum
451 2504 562 2546 eaerum
579 2489 618 2546 sit
635 2488 741 2545 mauis
758 2488 877 2546 vusoulis
895 2489 1033 2562 argenteis
1044 2528 1055 2556 ‚
1067 2494 1118 2544 aut

63 2574 163 2631 saltam
180 2576 320 2645 munais,
330 2575 401 2634 bene
410 2575 546 2659 obturatis
557 2595 564 2632 :
577 2592 640 2650 quar
650 2576 760 2634 vusomn
776 2576 833 2633 sint
845 2577 918 2633 inter
927 2591 956 2633 se
970 2575 1115 2637 omnmo.

63 2669 92 2716 et
106 2662 249 2735 propriam
264 2662 484 2738 unumquodque
501 2664 709 2737 inscriptionem
730 2663 830 2721 babeat
844 2662 1005 2736 maiusculis
1018 2661 1118 2719 litteris

65 2749 204 2819 Meam,
222 2753 340 2825 nequis
358 2768 435 2810 error
455 2754 655 2810 summittatur.

116 2839 162 2896 Ad
183 2855 266 2898 usnrn
284 2857 348 2899 vero
364 2840 559 2914 quotidianum
583 2843 691 2898 minora
714 2841 869 2898 habeantur
894 2838 1005 2898 amunia
1023 2854 1055 2895 ex
1072 2854 1118 2895 ar·

64 2937 169 2999 ganto,
188 2930 214 2985 ei
232 2928 292 2987 fleri
309 2938 422 3002 putatet,
444 2938 493 2987 aut
512 2938 613 2988 manno
628 2972 636 2999 ‚
650 2933 866 3001 sinemurum,
883 2929 939 2986 sire
958 2929 1042 2986 etiarn
1053 2942 1119 2983 oon·

62 3016 181 3088 innota:
199 3024 262 3089 apte
280 3006 375 3076 manen
393 3018 545 3089 Matinum,
564 3026 593 3077 et
611 3017 682 3076 bena
699 3027 845 3091 cooperta,
865 3025 894 3076 et
911 3033 977 3075 oum
995 3017 1055 3073 suis
1072 3016 1117 3071 in·

65 3104 283 3180 sumptionibus,
300 3113 335 3163 ut
352 3120 453 3179 supra,
472 3123 508 3164 ne
526 3107 667 3165 Paroobns
685 3106 806 3174 aberret,
822 3115 949 3164 etunum
966 3119 1016 3179 pro
1032 3104 1119 3160 altem

65 3200 182 3263 sumat,
200 3191 274 3266 quod
291 3208 385 3251 muare
407 3193 490 3252 debet
508 3193 665 3268 diligenter.

117 3281 153 3337 tn
171 3294 205 3337 ee
226 3279 311 3353 igitur
327 3296 361 3338 ex
383 3281 536 3355 majoribus
563 3283 682 3340 vasouiia
709 3281 873 3339 chrismatis
891 3290 920 3339 et
937 3281 1020 3348 olei,
1043 3278 1120 3352 quod

67 3365 209 3436 afficiet,
222 3367 407 3437 infundatur,
418 3377 502 3442 etque
514 3379 547 3428 nt
558 3369 703 3428 effusionis
716 3370 871 3443 periculum
888 3376 1032 3434 caveatur,
1046 3381 1120 3422 oom-

69 3452 184 3512 nouum
199 3455 272 3523 erit,
283 3457 314 3513 in
327 3456 372 3514 bia
383 3458 503 3516 ramulis
520 3457 697 3516 bombaoium
712 3499 720 3527 ‚
734 3474 784 3516 seu
804 3457 873 3532 quid
892 3457 985 3516 simile
1003 3455 1119 3533 bebere,

68 3542 136 3600 uteo
153 3558 253 3611 atero,
264 3544 459 3603 ethrismate
478 3547 627 3619 separatim
643 3545 783 3620 perfusum
797 3587 805 3614 ‚
818 3545 847 3603 in
857 3562 914 3619 quo
931 3545 1022 3618 pollex
1034 3587 1043 3615 ,
1055 3560 1119 3601 oum

68 3644 137 3702 opus
157 3637 221 3699 oet,
242 3629 278 3688 ad
295 3632 489 3705 inungendum
509 3635 684 3692 immittatur.

119 3720 188 3775 iiaee
200 3719 311 3777 vaseula
322 3720 361 3777 ita
374 3729 468 3794 parata
479 3721 509 3778 in
523 3721 585 3779 iooo
595 3723 722 3794 proprio,
735 3722 866 3790 honesto,
886 3737 918 3778 ao
935 3718 1054 3787 mundo,
1067 3718 1121 3776 sub

69 3803 158 3874 dere,
170 3820 204 3862 eo
215 3812 276 3864 tuta
287 3806 412 3865 ousmdia
425 3807 555 3866 euenor
567 3818 753 3880 maturantur,
763 3827 800 3867 ne
813 3809 848 3866 ab
861 3808 969 3882 aliquo,
978 3808 1032 3864 nisi
1044 3823 1060 3864 a
1072 3807 1122 3864 Sa·

71 3892 193 3964 oronte,
207 3902 310 3953 munere
320 3905 488 3971 tangantur,
508 3905 558 3957 ant
569 3899 612 3956 eis
625 3898 757 3972 saonloge
768 3901 915 3972 quisquam
926 3897 1005 3955 abuti
1023 3897 1119 3971 possit.

122 3982 284 4053 Peroebm,
304 3995 442 4059 mentum
458 3986 518 4044 tieri
536 3994 628 4060 potest
643 4027 652 4053 ,
666 3995 744 4046 aurat
757 4029 765 4054 ,
779 4003 816 4044 ne
833 3987 995 4060 perluitur,
1012 3984 1061 4044 aad
1075 4001 1122 4059 per

73 4082 123 4137 ee,
143 4071 191 4127 uel
215 4071 302 4129 abun
320 4070 497 4133 &manuum
513 4118 521 4143 ,
540 4075 583 4133 vel
601 4074 700 4133 saitem
719 4091 768 4149 per
785 4076 872 4134 alium
890 4075 1020 4154 molesia
1038 4076 1121 4134 ruini·
