2782 4696
515 454 569 517 ns
591 449 888 517 uxoucrzauurs

340 625 623 705 OBSESSIS
665 634 693 705 A
733 631 1042 711 ltAEllONlO

568 857 835 914 wolff&

172 1035 346 1137 becomes,
366 1085 416 1128 scu
433 1067 524 1142 quivis
546 1069 620 1125 alius
636 1068 779 1141 legitimus
799 1067 930 1125 llcclesiae
947 1069 1093 1139 minister,
1117 1081 1225 1131 vexatos

168 1177 183 1218 a
204 1162 331 1219 daemone
353 1159 576 1225 exorcizaturtu,
600 1173 632 1214 ea
653 1173 707 1230 qua
726 1173 777 1230 par
793 1164 836 1213 est
856 1157 976 1228 pietate,
997 1157 1169 1229 prudentia,
1192 1177 1227 1219 ac

167 1252 228 1307 vitae
242 1249 401 1321 integritate
413 1246 545 1319 preditus
556 1261 616 1304 csse
629 1245 730 1303 debet:
748 1244 796 1318 qui
812 1259 871 1302 non
885 1261 936 1302 sua
949 1286 958 1312 ,
972 1244 1021 1303 sed
1033 1245 1126 1305 divina
1137 1248 1226 1308 frettu

166 1340 267 1396 rimute
278 1381 287 1407 ,
299 1337 334 1394 ab
346 1337 422 1394 omui
441 1351 533 1393 rerum
550 1335 738 1391 humanarum
759 1331 912 1406 cupiditate
930 1334 1057 1415 alienus,
1071 1344 1129 1393 tam
1144 1339 1224 1409 pium

165 1442 236 1498 opns
254 1443 287 1482 ex
305 1425 438 1481 charitate
451 1431 610 1480 constanter
621 1431 649 1479 et
660 1423 803 1480 humiliter
813 1430 974 1495 exequatur.
991 1425 1076 1480 llunc
1093 1433 1224 1497 praeterea

165 1521 283 1570 maturae
303 1513 392 1570 aetatis
404 1529 464 1569 esse
476 1511 572 1579 decet,
587 1520 616 1567 et
627 1527 684 1567 nou
704 1510 794 1568 solum
815 1509 928 1576 officio,
947 1509 996 1567 sed
1015 1511 1100 1568 etiam
1113 1529 1223 1570 morum

165 1601 298 1673 gmritate
316 1599 507 1657 reverendum.

215 1690 257 1745 Ut
274 1689 360 1761 igitur
376 1703 429 1745 suo
447 1703 562 1745 munere
574 1696 646 1745 recte
657 1687 810 1760 fungatur,
823 1701 887 1742 cum
905 1684 960 1742 elia
976 1686 1064 1743 multa
1076 1687 1131 1744 sibi
1142 1688 1223 1748 utilia

163 1776 358 1845 documenta,
382 1794 444 1850 quae
464 1777 606 1834 brevitatis
629 1778 717 1850 gratia
742 1776 796 1832 boc
814 1775 875 1831 loco
893 1775 1168 1846 praetermittuntur,
1190 1794 1223 1836 ex

163 1865 287 1938 probatis
305 1865 493 1930 Auctoribus,
514 1873 543 1922 et
560 1881 592 1922 en
609 1881 663 1922 usu
683 1879 798 1921 noscere
821 1861 931 1920 studeat
947 1880 955 1930 ς
977 1869 1038 1918 tum
1057 1862 1117 1920 bec
1134 1880 1222 1937 pauca

163 1955 253 2026 magis
271 1955 424 2011 necessaria
442 1954 592 2028 diligenter
610 1952 774 2011 observabit.

215 2045 249 2099 ln
262 2043 380 2116 primis,
393 2059 429 2099 ne
440 2043 522 2100 facile
534 2041 647 2110 credat,
667 2043 788 2115 aliquem
802 2056 818 2098 a
831 2040 969 2098 daemomo
987 2040 1130 2099 obsessum
1141 2056 1220 2112 esse,

161 2131 209 2189 sed
228 2139 295 2188 notu
308 2131 409 2189 habeat
423 2147 455 2188 ea
472 2133 572 2203 signe,
593 2130 696 2202 quibus
716 2130 845 2187 obsessus
860 2129 1034 2201 dignoscitur
1050 2128 1086 2186 ab
1103 2129 1157 2199 iis,
1171 2132 1222 2204 qui

161 2219 200 2276 rel
220 2228 280 2276 atra
296 2220 371 2288 bile,
404 2220 446 2277 vel
467 2219 564 2277 morbo
585 2219 679 2291 aliquo
698 2219 834 2276 laborant.
854 2219 939 2291 Signa
958 2226 1050 2276 autem
1069 2219 1222 2278 obtinentin

161 2308 297 2368 daemonis
309 2319 394 2367 sunt:
410 2311 509 2383 lgnota
526 2309 623 2383 lingua
641 2309 718 2382 loqui
737 2308 864 2380 pluribus
880 2309 971 2367 verbis
983 2351 991 2377 ,
1004 2308 1047 2366 vel
1059 2309 1220 2383 loquentem

160 2396 338 2470 intelligere:
361 2397 522 2470 Distantia,
542 2405 570 2454 et
587 2397 696 2454 occulta
717 2395 888 2468 patefacere:
911 2397 990 2454 Vires
1010 2412 1094 2469 supra
1112 2398 1218 2466 estatis,
1302 2441 1305 2448 ,

160 2501 210 2544 seu
239 2485 408 2543 conditionis
431 2495 560 2543 naturam
584 2485 750 2543 ostendere:
768 2493 797 2542 et
814 2484 843 2541 id
861 2501 950 2558 genus
970 2485 1025 2542 alia
1045 2527 1053 2552 ,
1071 2502 1134 2558 quae
1152 2502 1218 2544 cum

161 2575 283 2646 plurima
300 2583 490 2644 concurrunt,
511 2575 615 2648 maj0rs
636 2582 703 2632 sunt
720 2573 834 2632 indicia.

213 2666 283 2721 llaec
302 2672 396 2721 autem
414 2672 448 2720 ut
467 2664 557 2737 magis
575 2673 723 2737 cognoscat
736 2708 744 2732 ,
757 2672 819 2737 post
829 2681 917 2721 unum
930 2706 938 2731 ,
950 2670 998 2720 aut
1009 2663 1128 2720 alterum
1139 2677 1218 2721 exor-

160 2753 280 2811 cismum
291 2754 442 2826 interroget
450 2749 592 2810 obsessum
605 2795 612 2821 ,
625 2753 693 2825 quid
705 2755 822 2810 senserit
830 2754 859 2810 in
869 2753 964 2808 animo
973 2794 980 2818 ,
990 2751 1033 2808 vel
1043 2752 1072 2808 in
1085 2768 1216 2825 corpore,

158 2850 192 2898 nt
208 2842 281 2899 sciat
297 2843 381 2898 etiam
404 2841 440 2898 ad
458 2857 586 2913 quaenam
609 2843 690 2899 verba
708 2843 796 2914 magis
814 2841 918 2898 diaboli
936 2840 1162 2908 conturbentur,
1183 2850 1218 2900 ut

158 2947 191 2988 ea
208 2929 339 3002 deinceps
361 2931 450 3003 magis
468 2931 591 2988 inculcet
607 2948 640 2987 ac
658 2938 773 3004 repetat.

211 3018 359 3086 Advertat,
376 3018 478 3092 quibus
494 3019 602 3077 artibus
619 3035 652 3076 uc
671 3019 881 3092 deceptionibus
896 3027 1011 3077 utantur
1027 3018 1167 3078 demones
1178 3019 1214 3077 ad

158 3107 328 3166 lixorcistam
348 3107 563 3180 decipiendum:
584 3108 676 3165 solent
695 3107 770 3165 enim
789 3107 992 3180 utplurimum
1014 3106 1151 3166 fallaciter
1169 3125 1214 3167 ra·

156 3195 310 3270 spondere,
334 3206 362 3253 et
384 3196 499 3253 difficile
517 3212 546 3253 se
562 3196 739 3254 manifestare
751 3236 759 3263 ,
772 3203 806 3251 ut
817 3196 958 3253 Exoroista
981 3194 1030 3253 diu
1048 3195 1215 3270 defetigatus

155 3283 290 3351 desistat3
310 3292 360 3340 aut
376 3284 505 3341 infirmus
520 3283 648 3340 videatur
667 3299 725 3340 non
744 3299 839 3341 esse-a
858 3282 996 3341 daemonio
1015 3292 1137 3341 vexatus.
1158 3306 1165 3323 ι

209 3371 368 3445 Aliquando
387 3380 532 3445 postquam
553 3378 621 3427 sunt
638 3369 796 3441 manifesti,
815 3370 992 3428 abscondunt
1009 3386 1059 3439 se,
1078 3379 1108 3429 et
1125 3370 1212 3429 relin-

155 3468 249 3535 quunt
263 3477 363 3532 corpus
380 3461 459 3533 quasi
477 3459 596 3517 liberum
615 3459 651 3517 ab
668 3460 747 3516 omni
767 3460 916 3526 molestia,
937 3468 970 3515 ut
989 3459 1116 3517 intirmus
1134 3468 1213 3532 putet

153 3564 184 3606 se
201 3549 318 3606 omnino
335 3564 395 3605 esse
406 3549 553 3605 liberatum
566 3565 572 3601 :
585 3547 634 3605 sed
653 3563 759 3605 cessare
777 3564 834 3605 non
853 3547 934 3605 debet
951 3548 1091 3605 Exercista
1102 3589 1110 3615 ,
1122 3547 1212 3606 donec

154 3636 253 3693 viderit
271 3636 350 3709 signa
372 3635 557 3694 liberationis.

207 3723 368 3796 Aliquando
389 3724 473 3779 etiam
493 3723 635 3781 demones
656 3732 766 3796 ponunt
784 3739 966 3797 quecumque
987 3731 1104 3796 possunt
1120 3722 1210 3798 impe·

147 3811 277 3868 'dimenta
295 3852 302 3876 ,
323 3826 359 3867 ne
380 3811 509 3867 infirmus
531 3827 561 3868 se
581 3812 712 3884 subjiciat
731 3811 911 3879 exorcismis,
932 3811 973 3867 vel
992 3820 1131 3868 conantur
1147 3826 1210 3884 per·

152 3899 269 3956 suadere
288 3899 479 3955 infirmitatem
491 3915 550 3956 esse
563 3900 738 3967 naturalem,
757 3898 899 3956 interdum
911 3900 941 3955 in
956 3899 1047 3956 medio
1063 3901 1209 3959 exorcismi

152 3987 262 4046 faciunt
292 3986 413 4045 dormire
440 3987 585 4044 intirmum
606 4031 613 4057 ,
637 3997 665 4045 et
683 3990 709 4046 ei
726 3989 860 4046 visionem
887 3989 1009 4063 aliquam
1029 3990 1208 4060 ostendunt,

150 4075 413 4144 subtrahendum,
432 4085 465 4132 ut
482 4077 610 4134 inllrmus
631 4076 764 4134 liberatus
787 4077 923 4135 videatur.

151 4178 154 4183 ·
204 4163 302 4236 Aliqui
319 4162 472 4222 ostendunt
491 4163 595 4222 factum
615 4164 804 4233 maleficium,
825 4174 853 4223 ot
876 4166 1011 4241 aquibus
1029 4169 1065 4226 sit
1082 4166 1207 4237 famum,
