2782 4696
339 271 426 339 0rd0
451 269 732 335 commendationis
755 269 873 331 arrinrer.
1064 272 1125 338 ¹35

137 393 271 474 diuisui,
290 394 488 473 clamitent,
504 393 661 460 dicentes:
680 393 857 477 crucifige,
875 393 1024 477 crucifige
1037 412 1122 459 eum.
1255 409 1263 422 ·

137 500 366 566 teisPilttus:
382 501 524 585 Accipite
535 519 609 566 eum
619 518 694 580 vos,
709 505 742 565 et
753 499 947 583 crucififfl‘te:
964 517 1025 583 ego
1042 501 1127 565 euim

157 605 292 670 invenio
315 608 350 670 in
372 625 411 671 eo
435 625 572 671 causum.
596 604 841 690 Responderunt
863 607 891 670 ci
914 605 1036 670 Judaei:
1061 608 1128 671 Nos

137 729 177 777 om
199 712 374 796 habemus,
399 720 431 778 ct
449 712 623 778 secundum
637 714 739 794 legem
754 713 848 777 debet
863 714 966 795 mori,
985 714 1060 796 quie
1074 714 1128 777 Fi·

137 819 229 884 nDei
249 838 283 884 ee
303 820 390 884 iecit.
413 821 492 886 Cum
512 839 589 902 ergo
611 820 750 884 audisset
767 820 889 884 Pilitus
904 820 990 884 hunc
1003 819 1127 883 sermo-

137 942 170 1006 ι,
193 926 298 1007 mame
313 927 430 991 timuit.
451 929 492 991 Et
506 927 664 1008 ingressus
679 932 728 990 est
742 925 927 1008 pretorium
944 926 1078 1004 iterum,
1096 931 1129 989 et

137 1037 155 1095 t
168 1030 213 1096 ud
228 1033 357 1096 Jcsum:
380 1031 472 1097 Unde
495 1052 529 1098 es
543 1033 607 1097 tu?
620 1034 712 1097 iesus
734 1039 840 1096 eutem
862 1032 1049 1115 responsum
1063 1048 1128 1094 non

137 1138 166 1202 it
180 1138 224 1202 ci.
244 1138 331 1202 Dicit
348 1155 425 1219 ergo
440 1139 469 1202 ci
483 1139 624 1203 Pilotns:
649 1138 728 1201 Mihi
741 1156 808 1201 nou
823 1136 988 1220 loqueris?
1001 1136 1128 1217 Nescis,

137 1246 359 1327 spotestdtem
374 1244 479 1309 haheo
495 1244 679 1327 crucifigere
691 1250 740 1322 te,
767 1250 800 1308 et
818 1246 1009 1327 potestitem
1023 1243 1129 1307 habeo

137 1349 238 1414 dttcre
252 1349 309 1414 te?
322 1349 499 1434 Respondit
511 1352 530 1415 J
532 1369 620 1415 esus:
637 1352 709 1415 Nou
725 1348 857 1414 haberes
871 1352 1061 1433 potesmtem
1075 1349 1132 1414 cd·

137 1470 206 1518 rum
218 1472 271 1519 me
284 1454 379 1519 ullum
392 1500 402 1535 ‚
419 1456 480 1520 uisi
493 1454 554 1520 tibi
567 1456 677 1521 datum
691 1461 773 1520 esset
790 1454 937 1538 desuper.
956 1456 1133 1538 Propterea

143 1576 199 1624 me
209 1559 344 1624 trudidit
356 1561 432 1641 tibi,
448 1561 550 1645 majus
561 1563 729 1645 peccdtum
742 1560 851 1626 hebet.
868 1564 907 1624 Et
922 1561 1033 1626 exinde
1047 1579 1133 1644 qum-

137 1669 170 1729 ut
190 1664 312 1729 Pilutus
327 1665 484 1732 dimittere
501 1686 585 1732 eum.
610 1667 711 1732 Judaei
725 1673 832 1732 eutem
855 1662 1055 1745 clemdhant3
1079 1665 1131 1728 di-

137 1774 208 1835 tes:
232 1771 265 1834 Si
286 1771 372 1836 hunc
394 1772 546 1854 dimittis,
570 1792 636 1838 uon
659 1793 692 1839 cs
715 1775 833 1838 amicus
856 1772 1004 1836 Caesoris:
1030 1772 1133 1835 omnis

137 1892 163 1940 m
174 1875 235 1959 qui
254 1895 288 1941 ee
307 1895 416 1961 regem
433 1879 528 1960 iacit,
544 1879 734 1945 contradicit
750 1880 874 1943 Gaesuri.
892 1879 1013 1943 Pilitus
1027 1883 1134 1941 nutem

137 1998 153 2045 n
171 1980 315 2047 audisset
330 1983 390 2048 hos
408 1985 588 2066 sermones,
613 1984 745 2049 addimit
761 1986 848 2048 foras
860 1984 879 2047 J
881 2001 968 2048 esum
983 2002 991 2046 z
1009 1988 1041 2046 ct
1053 1981 1135 2047 sedit

137 2087 313 2153 »momen
331 2090 366 2153 in
388 2091 478 2173 loco,
505 2092 561 2175 qui
584 2091 701 2155 dicitur
721 2091 956 2171 lithostrotos,
981 2089 1136 2155 Hebriice

137 2210 190 2259 em
199 2193 380 2261 Gubbethc.
394 2199 470 2261 Erot
479 2205 585 2262 cutem
595 2197 768 2262 Purusccre
783 2196 928 2277 Paschae,
947 2195 1029 2260 horu
1046 2196 1137 2280 quasi

137 2305 188 2383 h,
207 2308 241 2366 et
260 2301 338 2367 dicit
357 2302 491 2368 Jndaeis:
516 2305 596 2367 Ecce
616 2305 683 2367 itcx
698 2286 814 2367 vester.
833 2301 884 2366 lili
899 2307 1004 2366 nutem
1017 2302 1136 2366 clamd-

137 2412 181 2471 rtr
202 2407 305 2488 tolle,
320 2409 418 2488 tolie,
437 2409 585 2492 crucifige
600 2429 684 2474 cum.
701 2410 786 2474 Dicit
801 2411 845 2473 eis
860 2408 999 2473 Pilutus:
1018 2410 1138 2490 Regem

137 2517 224 2577 trum
243 2513 456 2597 crucifigam?
477 2516 723 2598 Responderunt
737 2513 928 2579 Pontifices:
946 2517 1018 2579 Non
1035 2513 1137 2578 hobe-

137 2634 294 2701 rregcm‚
312 2622 372 2685 uisi
386 2623 549 2686 Caesarem.
569 2624 656 2685 Tunc
673 2639 750 2704 ergo
771 2619 905 2702 trididit
918 2622 962 2685 eis
977 2621 1086 2698 illum,
1102 2624 1139 2682 ut

137 2723 334 2807 n'figeretur.
351 2729 562 2811 susceperuut
576 2735 683 2792 nutem
703 2729 832 2806 Jesum,
849 2733 881 2789 et
895 2725 1140 2790 eduxerunt'dit

137 2831 232 2896 uleus
247 2832 307 2895 sihi
321 2851 469 2915 crucem,
487 2835 582 2898 exivit
602 2834 636 2898 iu
652 2852 723 2897 eum
739 2880 748 2913 ‚
770 2833 826 2915 qui
840 2831 956 2896 dicitnr
972 2831 1137 2912 celrano,

137 2956 215 3017 um,
240 2938 395 3003 Hebe-eice
409 2947 515 3004 cutem
535 2941 695 3021 Golgothe
710 2961 718 3002 t
735 2939 791 3003 nbi
807 2937 1030 3002 crucifixerunt
1045 2954 1137 3017 cum,

227 3063 267 3108 eo
281 3045 360 3109 ulios
376 3046 477 3125 dnos,
496 3047 571 3110 hinc
585 3054 616 3110 et
632 3047 727 3126 hinc,
744 3045 882 3108 medinm
895 3050 1001 3108 autem
1016 3043 1138 3106 iesum.

137 3151 218 3235 ipsit
239 3157 345 3215 cutem
362 3158 395 3216 et
408 3153 536 3216 titulum
552 3152 693 3232 Piiitus,
714 3158 746 3215 et
763 3150 872 3234 posuit
886 3167 981 3232 super
1000 3165 1137 3212 crucem.

137 3261 293 3321 dautem
315 3259 487 3340 scriptum:
515 3260 606 3322 iesus
628 3259 830 3337 Nucerinus,
853 3259 920 3321 Rex
942 3253 1136 3319 indecorum.

137 3379 181 3427 uc
202 3379 281 3444 ergo
304 3363 432 3426 titulum
452 3364 546 3427 multi
559 3362 742 3427 Judaeorum
765 3362 927 3442 legerunt:
948 3359 1023 3443 quie
1037 3375 1141 3441 propo

137 3467 249 3531 itdtem
261 3474 331 3531 eret
342 3468 451 3549 locus,
466 3468 522 3532 ubi
538 3468 706 3532 crucifixus
720 3473 767 3531 est
781 3469 798 3530 J
801 3485 883 3531 eous.
900 3468 976 3530 Eret
989 3464 1141 3546 scriptum

137 3570 264 3652 muco,
286 3573 409 3654 Graece,
433 3580 466 3637 ct
487 3575 608 3638 Latine.
632 3574 787 3637 Dicebant
809 3589 885 3653 ergo
908 3570 1012 3635 Pdeto
1027 3568 1142 3633 Ponti·

137 3677 387 3744 ntndaecrum:
412 3680 484 3744 Noli
505 3680 663 3744 scribere:
689 3682 755 3744 Itcx
778 3679 979 3744 iudeorum:
997 3674 1053 3739 sed
1069 3673 1144 3757 quic

137 3802 160 3849 u
179 3784 278 3850 dixit:
301 3787 368 3850 Rex
390 3804 458 3849 sum
481 3786 676 3850 Judaeorum.
702 3784 879 3868 Respondit
892 3785 1031 3849 Pilatus:
1049 3778 1143 3860 Quod

137 3889 223 3973 ipsi,
238 3891 361 3975 scripsi.
378 3893 494 3957 Milites
513 3910 589 3975 ergo
611 3912 684 3957 cum
698 3891 926 3956 crucifixissent
940 3907 1030 3968 eum,
1049 3903 1143 3950 ucce-

137 4002 209 4061 mnt
222 3998 408 4062 vestimento
423 3997 492 4082 ejus
508 4002 554 4078 (ct
568 4001 712 4064 fecerunt
726 4006 865 4083 quatuor
879 4003 1001 4080 portes:
1021 3991 1145 4058 unicui-

137 4116 163 4165 rc
177 4104 269 4171 militi
288 4109 426 4191 purtem)
449 4113 483 4171 et
504 4107 655 4172 tunicam.
681 4108 757 4172 Erut
776 4111 880 4171 autem
902 4103 1008 4169 tunice
1028 4100 1144 4164 incon-
