2782 4696
361 347 399 420 o
428 347 457 422 e
489 347 525 421 o
554 346 592 421 o

245 488 518 586 soennnnni
546 513 720 584 onnon

421 698 541 746 SUPER

147 865 423 965 innitent
459 863 908 982 nnfflznwnt

376 1081 589 1141 m

147 1405 240 1485 gente
260 1400 373 1466 mortis
394 1400 562 1485 periculo,
589 1402 639 1467 vol
662 1400 723 1466 olio
745 1408 877 1483 cogente
900 1418 1010 1468 necee-

147 1505 248 1586 ulus,
279 1508 374 1572 saetis
400 1507 577 1591 precibus,
601 1526 639 1571 ao
659 1507 851 1572 coeremoniis
877 1513 1010 1591 praeter-

147 1612 203 1679 erit
221 1613 423 1697 baptizatus,
447 1613 504 1679 ubi
527 1614 747 1695 convaluerit,
769 1614 820 1678 vel
841 1614 1011 1678 cessaverit

152 1725 215 1804 ,et
231 1719 272 1786 ad
286 1721 459 1786 Ecclesiam
479 1720 602 1785 delatus
623 1720 741 1800 fuerit,
767 1719 883 1784 omissa
904 1721 1012 1785 omnio

147 1931 323 2016 editaque,
340 1931 416 1997 lotis
431 1931 597 2013 manibus,
614 1932 864 2016 superpelliceo,
883 1938 916 1996 et
930 1932 1014 1996 stolo

147 2035 276 2119 edutos,
300 2038 454 2103 ocoedett
476 2038 632 2103 clericum
653 2057 778 2119 unum,
801 2056 858 2104 eeu
879 2039 1011 2122 plures,

156 2160 265 2208 cocum
285 2143 455 2225 adhibeat,
471 2144 702 2228 superpelliceo
723 2146 843 2228 potitor
864 2144 1013 2226 indutoS‚

147 2248 308 2315 iniotrent.

147 2361 232 2420 noun
254 2356 385 2422 accedat
405 2356 445 2423 od
466 2357 564 2423 limen
585 2358 768 2438 Ecclesiae,
803 2363 892 2424 extre
919 2373 1017 2441 quom

147 2505 153 2537 ‚
174 2463 233 2545 qui
255 2463 437 2544 Infantem,
455 2465 507 2528 vel
528 2464 669 2531 Infantes
692 2465 900 2546 detulerunt,
925 2464 1016 2529 iilum

147 2566 249 2633 omino
269 2567 372 2634 eidem
388 2568 541 2653 imposito
568 2571 780 2656 appellando,
802 2575 836 2637 et
856 2570 966 2634 dicens
983 2590 991 2630 ε

147 2672 284 2762 tepens
303 2670 346 2743 ob
367 2671 506 2743 Ecclesia
523 2673 614 2743 liei?

147 2779 369 2847 neCotcohcsis
393 2783 587 2868 respondet:
614 2780 737 2852 Fidem.

147 2902 208 2949 os:
230 2885 323 2956 Fides
343 2885 425 2974 qnid
449 2886 511 2954 tibi
528 2889 686 2975 prestat?

147 3008 180 3056 ns
201 2992 393 3077 respondet:
422 2994 526 3060 Vitem
546 2994 706 3060 tetdonem.

147 3115 210 3163 oe:
234 3098 268 3166 Si
288 3097 627 3184 igiturviondvitom
647 3097 794 3183 tancti,
819 3114 911 3165 convo
931 3113 1024 3164 mon·

147 3203 214 3289 iguo
232 3204 408 3271 nominum
431 3205 537 3271 Deum
557 3211 651 3271 tunm
671 3223 710 3270 ex
731 3208 802 3271 toto
824 3201 1022 3285 cordetuo,

147 3309 272 3378 einim
288 3315 368 3394 tuo,
385 3315 557 3376 etextotn
574 3316 681 3376 mente
699 3317 777 3390 tuo,
794 3308 1024 3394 etpronmun

147 3420 223 3482 oto
244 3416 360 3502 ipsum.

147 3526 228 3588 ntor
250 3523 393 3590 exsufflet
410 3523 521 3590 leniter
538 3526 573 3591 in
591 3524 698 3590 sociem
720 3524 866 3605 indende,
887 3528 920 3588 et
940 3519 1023 3589 dicet

147 3747 250 3815 eoo,
278 3732 441 3802 imnidnde
464 3734 623 3819 opinens,
646 3737 679 3800 ot
701 3729 871 3799 dalocum
894 3728 1027 3814 sonitui

147 3837 284 4026 itionilntie
302 3943 394 4012 sae-iot
413 3946 538 4030 signum
555 3945 664 4012 Crucis
677 3948 710 4013 in
726 3947 832 4013 fronto
847 3992 856 4023 ‚
874 3953 904 4011 ct
922 3947 953 4011 in
968 3966 1024 4030 pc·

147 4048 208 4113 ntis
229 4048 359 4113 dicens:
