2782 4696
425 260 472 324 De
494 260 694 325 sacramento
719 258 883 343 Baptismi.
1140 257 1178 321 ot

149 384 212 450 iioii
233 383 445 469 sempiterni,
468 382 574 467 diem,
601 383 658 469 qui
681 380 834 448 ventrium
859 387 908 447 εει
927 380 1017 447 velut
1040 380 1185 447 olibanus

148 489 263 573 meus,
285 491 321 556 iu
342 508 410 575 quo
431 489 516 574 tibi,
537 496 635 574 utque
655 489 809 556 univorsis
831 486 952 571 angelii
971 488 1037 553 tuin
1059 505 1185 573 propu-

148 599 215 662 ituo
233 595 448 682 mpiternuu
462 598 522 662 orit
536 597 694 662 interime.
715 594 880 676 Proinde,
900 592 1070 677 dumnite,
1088 600 1186 679 utque

148 701 329 785 mutuno,
351 701 395 769 du
414 702 573 768 honorem
592 703 663 769 Deo
684 701 782 782 rivo,
802 706 836 766 et
853 716 955 781 vero,
972 698 1014 765 du
1028 699 1186 767 honorem

219 809 350 876 couno
367 810 449 878 iilio
470 808 560 896 ejus,
580 808 622 876 du
640 809 798 875 honorom
810 806 942 893 spiritui
957 809 1073 873 Soneio
1089 809 1186 874 Puro·

148 916 223 1000 iiio,
246 916 284 982 iu
306 912 398 1001 eujus
416 917 561 999 nomino,
584 923 680 1001 utque
700 913 820 980 virtute
841 913 993 999 pruoipio
1013 913 1092 997 tibi,
1115 913 1187 999 qui·

148 1021 268 1107 imquo
281 1039 334 1105 eu,
351 1022 483 1108 spiritua
501 1019 681 1103 immundo,
693 1026 732 1088 ut
745 1020 855 1102 exem,
873 1026 906 1085 et
920 1018 1049 1091 renides
1064 1019 1106 1086 ub
1122 1019 1187 1086 hoo

148 1127 248 1193 unulo
262 1128 322 1193 Dei
342 1127 380 1189 N.
410 1145 506 1214 quem
519 1126 604 1193 idum
619 1128 728 1209 Deus,
746 1132 780 1191 et
794 1125 949 1192 Dominus
963 1131 1073 1191 notter
1094 1126 1187 1193 iem

148 1232 328 1300 iuiutuuud
340 1252 429 1300 suom
451 1241 592 1301 uunomm
607 1234 764 1318 mnam,
784 1240 817 1298 et
827 1230 1103 1315 benedictionem,
1115 1232 1188 1298 ion·

148 1340 259 1426 imque
282 1340 487 1424 Boptinnotiu
511 1339 600 1406 dono
625 1341 742 1407 rooire
768 1337 917 1421 dignitus
939 1343 1012 1421 est,
1037 1344 1075 1403 ut
1096 1337 1188 1405 fleret

148 1445 196 1532 jus
217 1447 377 1531 tempium
398 1465 458 1533 per
482 1464 599 1533 equom
622 1443 886 1530 mgenerotiouiu,
915 1445 949 1510 in
972 1445 1188 1511 remissionem

148 1554 273 1619 muium
298 1555 516 1638 poeoniorum.
543 1555 582 1620 lu
607 1553 737 1618 nornine
761 1549 904 1637 ejusdem
928 1551 1058 1618 Domini
1085 1553 1188 1619 nostri

147 1680 201 1728 reu
218 1660 339 1726 Christi
346 1708 358 1742 ,
379 1662 437 1746 qui
452 1660 605 1727 venturus
617 1666 666 1726 εει
681 1657 829 1744 judieire
840 1660 951 1743 rivos,
968 1665 1001 1727 et
1018 1665 1164 1727 mortuos
1176 1702 1187 1744 ,

148 1773 161 1833 ι
180 1767 335 1833 mulum
356 1785 416 1852 per
434 1767 553 1852 igne.
598 1764 636 1843 u]-
662 1766 775 1832 Amen.

189 1863 363 1944 Similiter,
386 1864 414 1928 si
433 1864 539 1948 plures
559 1864 700 1948 fuerint,
722 1867 858 1951 imponit
870 1885 998 1933 murrum
1018 1887 1112 1954 sopor
1134 1889 1185 1935 eu-

147 1970 199 2042 itu,
212 1971 436 2053 singulorum,
459 1978 493 2037 et
513 1971 592 2037 dicit
607 1973 754 2039 eumdem
771 1976 987 2042 Exoreismum
1002 1979 1034 2041 in
1050 1996 1183 2042 numero

147 2075 370 2158 uuititudinis,
394 2082 427 2140 et
448 2078 480 2141 in
502 2096 618 2160 genere
636 2098 706 2144 suo.
1175 2141 1176 2145 ,

190 2184 311 2247 Postea
334 2183 488 2249 Sacerdos
510 2185 627 2268 pollice
652 2187 765 2269 ueeipit
787 2185 827 2251 (le
849 2187 949 2252 salire
972 2189 1037 2253 oris
1058 2175 1130 2269 srii,
1153 2196 1185 2253 et

147 2291 229 2372 rugit
244 2308 359 2370 uureS,
383 2297 415 2355 et
436 2309 528 2356 nores
543 2294 660 2374 Electi3
679 2294 837 2377 tangendo
852 2313 929 2360 vero
948 2314 1057 2361 aurern
1079 2297 1185 2363 dexte·

147 2413 219 2475 am,
241 2402 275 2459 et
295 2397 450 2461 sinistram
466 2443 475 2479 ,
491 2398 593 2463 dicut:
622 2398 807 2485 Ephphetu‚
825 2398 916 2484 quod
939 2405 988 2466 eet
1003 2398 1188 2487 adaperire3

147 2500 249 2564 teinde
270 2501 431 2582 iungendo
452 2523 563 2586 nares,
589 2504 693 2569 dieat:
728 2507 766 2570 ln
789 2505 924 2571 odorem
945 2508 1184 2590 uuuvitutiu313t

147 2605 258 2672 ubditt
282 2612 329 2678 'I'u
345 2616 452 2678 autem
470 2611 635 2698 effugite,
650 2613 798 2697 diabole,
816 2612 1091 2699 uppropinquibit
1107 2615 1191 2680 euim

147 2717 287 2787 uuum
300 2717 373 2784 Dei.

191 2817 320 2883 Deinde
347 2819 526 2902 interrogat
546 2821 713 2887 Electum:
737 2825 815 2905 Quis
833 2823 987 2893 voceris?

191 2928 232 2990 Et
254 2928 324 3009 ipse
346 2927 542 3012 respondet:
567 2930 606 2993 N.

192 3033 391 3116 Interroget:
413 3036 452 3098 N.
477 3035 695 3104 Abreuuneiuu
712 3036 855 3103 mmuoe?

193 3142 232 3222 iti·
261 3128 493 3210 nominoio(

195 3243 393 3326 Interroget:
421 3251 462 3316 lit
484 3248 633 3316 omnihus
650 3249 802 3335 operibus
823 3247 918 3334 eius?

195 3355 233 3435 ii·
262 3355 481 3424 Abrenriuoio.

195 3459 401 3540 interroget:
436 3465 477 3529 Et
498 3462 648 3530 omnihus
668 3462 797 3549 pompis
818 3458 914 3547 eius?

198 3570 234 3651 n).
263 3569 484 3638 Abreuriueio.

197 3674 281 3736 Tune
296 3672 450 3738 Sacerdos
466 3675 593 3757 intingit
609 3674 757 3758 pollicem
773 3674 907 3740 dexteru
925 3693 1037 3739 munus
1056 3677 1089 3740 in
1104 3675 1185 3741 Oleo

151 3775 242 3842 iuncto
268 3781 598 3862 catechumenorum,
621 3789 653 3846 et
676 3784 804 3865 inungit
828 3783 968 3847 Electum
994 3783 1129 3864 primuni
1155 3783 1185 3844 in

154 3889 280 3969 penore,
299 3885 414 3953 deinde
434 3888 515 3954 inter
536 3888 679 3972 scapulas
699 3889 732 3954 in
756 3888 887 3954 niodum
910 3889 1036 3969 CruriS,
1060 3887 1182 3952 dicein:

209 3988 273 4074 Ego
294 3997 328 4057 te
353 3990 432 4058 linio
454 3993 534 4061 Oieo
557 3992 666 4060 εειιὶιιε
686 4005 719 4070 ip
755 3996 789 4060 in
811 3992 936 4062 Christo
958 3994 1034 4061 iouu
1056 3993 1194 4061 Domino

163 4100 273 4181 numo,
295 4099 330 4166 iu
351 4099 451 4166 vitum
471 4101 630 4168 eternum.
672 4109 708 4186 tp.
742 4102 855 4179 Amen.
