2782 4696
474 391 542 467 DE
567 386 920 470 sacrtAMENTo

385 632 1054 752 mauurmonrr

566 844 829 903 *migma*
1242 826 1263 893 f

176 1052 209 1147 P
220 1099 338 1157 arcobus
359 1097 519 1157 admonitus
532 1096 568 1156 de
584 1098 678 1172 aliquo
695 1096 872 1155 Matrimonio
890 1097 922 1153 in
938 1111 991 1154 sua
1007 1097 1141 1156 Parocbia
1154 1113 1209 1156 con·

176 1187 329 1256 trahendo,
352 1188 475 1260 primum
496 1195 645 1260 eognoscat
654 1203 687 1244 ex
699 1186 743 1244 bis
756 1184 793 1243 ad
803 1200 873 1260 quos
890 1193 1018 1258 spectat,
1032 1186 1120 1260 quiet
1129 1186 1210 1260 quala
1260 1204 1263 1211 ·

175 1276 255 1343 sint,
273 1277 323 1348 qui
341 1275 551 1332 Matrimonium
570 1274 732 1332 contrahere
748 1273 870 1332 volunt:
893 1275 940 1331 An
956 1273 1033 1331 inter
1049 1289 1096 1332 ecs
1112 1272 1149 1332 sit
1170 1274 1211 1332 ui·
1244 1286 1260 1297 ·

175 1362 251 1435 quod
269 1363 434 1421 canonicum
451 1362 699 1436 impedimentum:
712 1362 816 1420 Utrum
834 1369 952 1434 sponte,
971 1359 1077 1432 libere,
1090 1368 1211 1419 macut-

175 1450 245 1508 dum
259 1453 429 1510 honestatem
447 1452 618 1510 sacramenti
629 1451 715 1509 velint
724 1450 887 1508 contrahere
899 1468 906 1504 ι
919 1451 1023 1508 Utrum
1037 1451 1097 1507 sint
1107 1450 1137 1507 in
1146 1457 1213 1508 stac

175 1538 322 1613 legitima,
343 1549 376 1598 ut
393 1541 434 1598 vir
453 1541 552 1598 saltem
579 1538 812 1614 quatuordeeim,
839 1537 941 1595 mulier
965 1536 1116 1595 duodecim
1139 1552 1213 1595 annm
1260 1560 1263 1567 ·

175 1627 340 1700 expleverim
354 1637 384 1686 et
394 1637 510 1702 uterque
521 1626 591 1685 sciat
602 1626 761 1684 rudimenta
779 1625 878 1693 Fidei,
898 1641 963 1683 cnm
981 1641 1014 1683 ea
1035 1624 1137 1682 deinde
1154 1624 1214 1681 iiiios

175 1730 242 1772 suos
262 1715 360 1773 docere
380 1715 508 1774 debeant.
729 1765 737 1781 ,

227 1805 339 1861 Noverit
356 1819 388 1861 ex
404 1805 526 1877 probatis
544 1803 727 1873 Auctoribus,
739 1820 802 1877 quac
812 1804 870 1860 sint
880 1803 1014 1860 canoniea
1028 1800 1217 1875 impedimenta

174 1893 346 1950 Matrimonii
365 1890 567 1960 contrahendi,
586 1900 615 1949 et
629 1907 691 1964 quae
710 1899 883 1949 contractum
903 1890 1058 1958 dirimant3
1071 1890 1160 1963 etqui
1171 1888 1219 1945 siat

174 1978 278 2052 gradus
289 1982 539 2053 consanguinitatis
550 1979 748 2048 etafflmaus,
759 1981 865 2037 etitem
883 1978 1060 2052 cognationis
1076 1977 1219 2050 spiritualis

173 2084 206 2124 ex
224 2070 377 2141 Baptismi,
395 2069 436 2125 vei
455 2068 680 2127 confirmationis
699 2069 879 2126 sacramento
896 2061 1059 2127 contracttcl

226 2157 334 2214 Habeat
349 2157 379 2213 in
397 2157 494 2230 primis
511 2158 567 2230 ipse
588 2157 659 2214 bene
677 2157 788 2230 cognita
810 2165 944 2230 praecepta
963 2155 1013 2213 illa
1032 2157 1147 2223 omnia,
1166 2170 1221 2229 quc

173 2242 203 2298 in
221 2244 406 2302 Matrimoniis
426 2245 478 2302 rite
499 2244 677 2303 conficiendis
694 2245 796 2302 servari
819 2253 966 2319 oportere,
983 2245 1057 2301 sacri
1078 2244 1221 2310 Canobon,

173 2333 311 2405 praecipue
328 2334 427 2390 Sancta
445 2333 573 2408 synodus
591 2332 752 2392 Tridentino
768 2334 872 2407 jussit,
893 2332 1028 2406 dabitque
1045 2348 1178 2406 operam,
1195 2340 1223 2389 ut

173 2419 222 2477 ilia
240 2420 269 2476 in
287 2422 420 2478 Parecbia
438 2437 488 2479 sua
507 2430 653 2489 accurate,
676 2431 823 2496 exacteque
842 2429 995 2479 serventur.

225 2510 381 2566 Praesertim
390 2527 453 2567 vero
462 2511 637 2578 meminerit,
649 2512 828 2568 Matrimonia
838 2511 910 2569 inter
920 2517 1062 2583 raptorem
1070 2517 1099 2567 et
1107 2518 1222 2585 raptam,

171 2596 241 2654 dum
252 2599 312 2670 ipsa
322 2600 353 2655 in
363 2600 480 2672 raptoris
492 2608 625 2672 potestate
638 2601 790 2670 manserit,
802 2599 871 2657 inita
882 2642 890 2669 ,
902 2615 955 2657 nec
965 2614 1025 2656 non
1037 2598 1222 2665 clandestina,

171 2694 200 2742 et
218 2688 350 2759 quaelibet
367 2689 563 2755 Matrimonia,
583 2704 645 2760 quae
662 2688 744 2763 aliter
760 2704 845 2760 quam
864 2695 998 2761 prasente
1020 2688 1150 2745 Paroebo
1161 2687 1219 2755 ,rel

171 2774 227 2831 alio
245 2775 391 2834 Sacerdote
410 2777 444 2834 de
462 2779 549 2850 ipsius
560 2776 675 2834 Parocbi
687 2818 695 2844 ,
707 2776 749 2833 vel
762 2775 902 2833 ordinarii
913 2775 1049 2846 licentia,
1062 2783 1091 2833 et
1101 2775 1221 2841 duobus,

170 2861 212 2918 vel
231 2864 321 2921 tribus
341 2865 456 2923 testibus
474 2865 696 2934 contrabuntur,
709 2864 841 2938 exipsius
858 2864 976 2922 concilii
994 2863 1137 2934 decretis,
1152 2864 1223 2922 irrita

171 2951 308 3020 omnino,
333 2969 365 3009 ac
382 2954 461 3010 nulla
480 2968 549 3011 csse.

224 3041 274 3095 Est
293 3049 387 3097 autem
405 3043 533 3114 proprius
553 3042 711 3111 Parocbus,
730 3042 778 3115 qui
798 3041 894 3100 adesse
910 3039 1015 3109 deba,
1035 3040 1079 3111 is,
1097 3041 1132 3099 iu
1149 3042 1232 3114 eujus

170 3127 303 3183 Parocbia
323 3122 532 3188 Matrimonium
550 3130 723 3198 celebratur,
742 3131 798 3188 siue
816 3131 887 3200 viri,
903 3131 959 3188 sire
977 3129 1117 3187 mulieris.

223 3215 323 3271 Caveat
340 3226 470 3289 praterea
495 3220 657 3287 Parocbus,
678 3234 715 3276 ne
732 3217 813 3277 facile
830 3218 866 3276 ad
884 3217 1110 3276 contrabendum
1135 3219 1251 3278 Matr?

170 3304 295 3361 monium
310 3304 438 3364 admittat
449 3324 531 3381 vegos
544 3325 577 3365 ac
590 3309 770 3382 peregrinos,
781 3317 809 3366 et
821 3310 871 3382 qui
883 3310 1003 3365 incertas
1014 3305 1125 3365 babent
1136 3308 1218 3366 aedes
1233 3320 1263 3367 ‘a

168 3408 258 3466 neque
277 3393 345 3451 item
362 3411 427 3463 eos,
447 3397 496 3469 qui
512 3404 592 3453 antea
611 3396 755 3470 conjugati
774 3395 907 3464 fuerunt,
926 3403 962 3453 ut
977 3402 1046 3453 sunt
1062 3412 1167 3456 uxores
1180 3397 1263 3455 mi⁴

168 3480 261 3548 litum,
274 3482 316 3538 vel
329 3484 508 3555 captivorum,
520 3484 562 3542 vel
576 3485 694 3543 aliorum
705 3485 754 3559 qui
765 3486 993 3558 peregrinantum
1004 3484 1061 3542 nisi
1074 3483 1213 3558 diligente
1235 3490 1263 3535 1

169 3567 204 3625 dc
222 3570 257 3626 iis
273 3571 403 3628 omuibus
420 3572 493 3630 facta
511 3574 709 3647 inquisitione,
720 3583 749 3631 et
765 3590 796 3631 re
813 3573 849 3630 ad
865 3572 1048 3631 Ordinsrium
1069 3571 1183 3641 delata,
1195 3564 1263 3631 al

168 3674 255 3732 ecque
267 3661 361 3718 babita
375 3660 409 3719 de
423 3661 559 3734 ejusmodi
570 3663 740 3721 Matrimonii
752 3662 911 3721 celebrandi
920 3662 1056 3732 licentia,
1069 3662 1263 3738 quregrati·²

168 3748 344 3807 concedatur.

220 3842 376 3911 Antequam
390 3841 599 3897 Matrimonium
615 3841 817 3908 contrabatur,
838 3851 879 3898 ter
896 3857 913 3898 a
931 3839 1044 3915 proprio
1062 3841 1263 3898 contraben·

167 3923 237 3980 tium
262 3926 385 3985 Pamcbo
405 3930 547 3986 mutinuis
565 3927 662 3986 diebus
680 3927 757 3986 festis
777 3931 808 3986 in
827 3929 949 3986 Ecclesia
976 3927 1052 3984 intra
1077 3928 1253 3985 Missurum

166 4014 319 4081 solemnia,
343 4015 378 4073 ad
399 4018 485 4090 ipsius
504 4017 622 4074 concilii
643 4019 859 4091 praescriptum,
886 4017 996 4091 publice
1019 4017 1232 4077 denuntietur,

167 4106 326 4177 intorques
344 4107 554 4164 Matrimonium
577 4108 613 4164 sit
634 4106 866 4164 contrabendum,
