2782 4696
355 315 400 375 De
423 311 637 378 exorcizandis
660 312 795 378 obsessis
818 333 835 376 a
859 313 1028 378 daernoaio.
1156 307 1214 370 331

165 429 308 494 custodit
327 429 569 526 atriumsuum,
596 429 628 493 in
653 448 729 513 pace
746 435 885 511 suutea,
913 445 984 512 qum
1009 429 1163 513 possidet.
1187 429 1219 493 Si

165 543 271 600 antem
292 536 408 602 fortior
424 554 463 602 eo
479 535 701 620 supervouiens
721 537 833 601 vicerit
855 553 946 617 eum,
970 537 1117 602 univorsa
1132 554 1221 601 armo

167 642 235 725 ejus
252 643 386 722 auferet,
400 643 563 726 inquibus
579 643 772 724 confidobat,
789 650 822 707 ct
834 643 936 726 spolia
950 642 1019 727 ejus
1036 643 1218 708 distribuet.

232 751 268 822 i.
294 750 446 830 Domine,
476 748 589 813 croudi
607 750 783 813 orationem
803 765 917 814 meam.

234 861 270 943 ‘i'-
295 858 334 920 Et
355 856 477 920 clamor
499 873 588 920 meus
610 855 650 919 ad
671 861 704 918 tc
729 855 846 919 vouiat.

228 964 265 1035 i.
295 960 450 1024 Dominus
469 958 648 1026 vobiscum.

234 1079 269 1135 n'.
294 1069 334 1130 Et
358 1085 430 1131 cum
455 1067 568 1150 spiritu
592 1073 664 1131 tuo.

615 1173 767 1245 oromus.

196 1288 209 1294 “
246 1280 426 1364 muipotem
447 1281 607 1361 Domine,
630 1279 770 1344 Verbum
785 1280 844 1345 liei
857 1281 978 1361 Patris,
995 1279 1118 1345 Christe
1134 1281 1222 1361 Iesu,

246 1389 330 1452 Deus
352 1394 385 1451 et
400 1387 556 1451 Dominus
569 1388 723 1451 univorsa
738 1386 910 1451 cruaturae:
934 1386 990 1468 qui
1006 1386 1127 1451 Sanctis
1137 1387 1224 1470 Apo·

168 1493 260 1557 stolis
281 1493 345 1558 tuis
367 1491 482 1557 dedisti
504 1498 695 1575 potestatem
717 1491 861 1557 calcoudi
882 1509 978 1574 supcr
1004 1493 1165 1574 serpontes
1193 1497 1226 1557 et

168 1598 376 1680 scorpiones:
402 1600 459 1681 qui
481 1599 563 1662 inter
578 1604 691 1662 caetera
709 1596 899 1662 mirabssium
921 1596 1052 1661 tuorum
1066 1596 1227 1679 praeopta

169 1702 319 1784 dignitus
340 1722 374 1768 es
398 1703 523 1769 dicere:
548 1705 713 1769 Daemones
736 1702 897 1784 eiiugote:
921 1699 1012 1784 cujus
1026 1703 1144 1766 virtuto
1156 1720 1226 1767 mo-

168 1813 222 1872 tus
243 1814 403 1893 tamquam
423 1808 532 1892 fulgur
554 1808 594 1875 de
617 1808 698 1873 coelo
720 1810 849 1874 sotacus
870 1806 1006 1872 cocidit:
1031 1814 1124 1871 tuum
1148 1825 1223 1872 san-

169 1920 259 1978 ctum
282 1916 405 1980 Nomen
427 1933 500 1981 cum
521 1915 637 1980 timore
653 1923 686 1979 at
702 1916 840 1979 tremore
853 1912 1038 1997 suppliciter
1054 1915 1224 1997 deprecor,

170 2027 208 2084 ut
229 2019 447 2103 indignissimo
469 2021 549 2086 mihi
568 2040 661 2086 servo
682 2029 765 2103 tuo,
796 2020 870 2086 data
890 2019 982 2084 vouia
1005 2020 1147 2084 omnium
1169 2021 1227 2084 dc-

169 2126 320 2192 lietorum
340 2129 508 2209 meorum,
532 2131 730 2193 comtontem
752 2126 873 2209 fldem,
898 2133 931 2192 et
951 2128 1142 2210 potestaitem
1164 2124 1227 2190 do·

170 2234 248 2296 nore
270 2232 431 2315 dignoris,
452 2240 490 2299 ut
513 2233 599 2299 huuc
622 2234 783 2299 crudolem
799 2233 1009 2314 doomonem,
1032 2231 1157 2298 brochii
1178 2235 1228 2297 tui

171 2340 272 2402 sancti
298 2339 439 2404 munitus
462 2340 626 2422 potoutia,
661 2339 797 2404 odonter
825 2348 858 2404 et
886 2341 1015 2406 seesima
1036 2338 1224 2424 aggrtdiar:

171 2450 307 2525 perte,
331 2445 406 2510 Jasu
428 2445 551 2511 Christe
573 2447 707 2510 Domine
728 2447 814 2511 Deus
836 2452 969 2526 noster,
992 2446 1050 2527 qui
1075 2445 1228 2510 ventorus

172 2568 206 2612 es
228 2549 372 2633 indicite
395 2553 486 2616 vivos
510 2560 543 2617 et
565 2554 732 2633 mortuos,
757 2560 789 2616 et
810 2552 958 2616 saeculum
980 2570 1039 2634 per
1062 2553 1180 2633 ignem.

236 2665 272 2741 nt.
300 2660 414 2724 Amen.

236 2762 358 2827 Deinde
380 2767 523 2829 monicus
539 2786 572 2829 sc
596 2772 627 2828 ct
644 2765 806 2830 obsessum
821 2768 910 2848 siguo
929 2766 1061 2845 mucis,
1087 2768 1225 2832 circum-

169 2871 274 2952 posita
291 2877 382 2952 parte
402 2872 490 2935 stola
514 2872 555 2937 ud
578 2873 696 2937 collum
721 2872 812 2957 ejus,
846 2879 878 2937 et
899 2874 1028 2938 dextera
1050 2892 1147 2939 manu
1170 2894 1226 2939 sua

168 2976 269 3059 capiti
290 2975 357 3058 ejus
379 2979 546 3060 imposita,
572 2986 774 3060 constanter,
798 2987 830 3047 ct
845 3000 959 3066 magna
975 2999 1048 3046 cum
1063 2980 1127 3046 fide
1143 2980 1225 3046 (licat

170 3101 206 3145 ea
230 3100 302 3164 qum
326 3090 514 3168 sequuntur.

237 3184 274 3260 t.
300 3189 380 3252 Ecca
401 3188 534 3253 Crucem
558 3190 710 3270 Domini,
735 3190 837 3271 fugite
858 3195 965 3273 partes
983 3188 1132 3254 odiorum.

239 3302 276 3378 ni.
301 3295 460 3359 vicitleo
483 3296 523 3359 de
546 3296 633 3360 tribu
655 3295 757 3376 tuda,
781 3295 871 3360 radix
889 3294 1005 3359 David.

240 3397 275 3471 o.
298 3399 456 3481 Domine,
478 3401 592 3465 croudi
615 3401 789 3465 oraticnem
811 3418 926 3464 meam.

240 3513 276 3588 ni.
300 3507 340 3568 Et
362 3505 482 3571 clamor
505 3524 593 3570 meus
610 3507 651 3570 ad
672 3513 703 3570 te
724 3505 841 3569 vouiat.

240 3610 276 3685 r)-
302 3610 457 3674 Dominus
476 3610 654 3675 vobmcum.

240 3725 277 3800 ro.
299 3715 427 3780 Etcum
444 3716 559 3799 spiritu
579 3724 649 3781 tuo.

375 3820 521 3886 Oromus.
926 3835 1045 3896 iti-ano.

174 3938 338 4099 Deus,
369 3935 400 3992 et
427 3929 522 3993 Pater
550 3928 678 3993 Domini
708 3931 808 3994 nostri
837 3931 913 3994 Jcsu
941 3928 1080 4010 Christi,
1115 3928 1232 3992 mroce

258 4050 375 4099 nomeu
399 4041 542 4099 sanctum
568 4042 678 4119 tuum,
703 4043 736 4100 et
756 4036 953 4102 clemoutiam
981 4043 1068 4100 tuam
1098 4035 1232 4120 supplex

176 4139 337 4222 exposco,
362 4144 397 4204 ut
421 4138 573 4207 advorsus
594 4141 701 4224 huuc,
723 4149 756 4209 et
777 4160 904 4209 omnem
925 4141 1125 4209 immundum
1138 4142 1233 4225 spiri·
