2782 4696
169 307 232 371 390
534 300 652 360 ititrmio
680 302 865 361 iiorummm.

166 436 194 485 rt
213 426 326 484 modum
340 425 376 482 nd
388 423 458 482 iliud
472 421 682 497 dissipandum:
702 423 752 481 sed
770 432 886 494 careat,
905 439 940 480 ne
951 423 989 481 ob
1000 424 1055 480 troc
1069 423 1106 480 ad
1119 438 1208 494 mago.

167 517 207 573 roi
221 516 256 573 ad
270 531 369 585 sagas,
384 515 423 570 aei
441 513 476 570 ad
494 513 581 580 aiios,
603 512 737 585 quomod
752 513 882 570 docleatae
899 512 1047 570 ministros
1066 512 1211 585 coniugio,

167 614 216 662 aut
237 605 295 662 ulia
315 603 530 676 superstitione,
549 610 599 660 aut
619 601 674 660 alio
694 601 777 661 modo
795 601 895 660 illicito
914 609 1023 660 statur.

220 692 394 767 Quandoque
412 691 541 750 diabolus
560 691 705 750 infirmum
725 692 888 764 quiescere,
907 699 936 748 et
953 690 1097 764 suscipere
1115 692 1214 748 sanem

168 783 268 841 simam
287 781 491 837 Eucharistiam
512 779 659 852 permittit,
671 787 704 836 ut
723 777 883 836 discessisse
896 777 1036 836 videatur.

222 872 351 943 Denique
378 867 597 926 innumerabiles
617 875 686 925 sunt
703 875 776 925 artes
795 875 824 924 et
840 867 952 925 fraudes
976 865 1087 925 diaboli
1105 867 1140 925 ad
1156 867 1217 924 deri·

171 959 304 1033 piendum
316 958 458 1016 hominem
468 998 476 1023 ‚
488 957 590 1029 quibus
602 973 638 1014 ne
649 955 783 1025 fallatur,
797 956 938 1014 Exoreista
952 964 1057 1014 cauma
1069 973 1130 1015 esse
1140 956 1216 1014 debet.

223 1049 316 1119 Quare
334 1061 442 1104 memor
458 1045 611 1103 Dominum
624 1053 752 1104 noenum
770 1041 869 1102 dirime
882 1085 892 1112 ,
905 1058 996 1117 genus
1008 1059 1072 1103 esse
1085 1043 1219 1104 demonio

171 1153 235 1192 runi
250 1134 347 1208 ‚quod
359 1150 416 1191 non
429 1134 541 1206 ejicitur
551 1135 607 1191 nisi
618 1135 832 1208 perorationem
851 1140 880 1190 et
897 1132 1062 1207 jejunium,
1080 1136 1180 1192 latiis.
1194 1143 1219 1191 ti

171 1225 231 1282 brec
248 1223 305 1281 duo
319 1224 494 1296 potissimum
512 1221 633 1280 remedia
652 1221 688 1279 ad
705 1220 912 1295 impetrandum
930 1220 1063 1279 divinum
1081 1224 1220 1292 eundum,

171 1311 368 1384 daemonemue
381 1310 545 1384 pellendos,
561 1311 687 1384 exempto
701 1311 745 1369 iis.
765 1310 902 1379 buum,
918 1309 1014 1382 quaed
1031 1311 1096 1383 eju
1112 1311 1223 1385 deripe

171 1402 256 1468 terit,
279 1409 338 1457 turn
360 1417 409 1473 per
423 1416 475 1468 se,
496 1411 558 1459 tum
578 1416 628 1473 per
645 1399 715 1458 alios
735 1409 814 1458 curet
835 1397 971 1458 adbiberi.

227 1490 259 1545 in
282 1489 434 1545 &alesiam
446 1530 454 1557 ‚
466 1489 489 1545 si
504 1486 649 1545 commode
666 1487 726 1546 neri
746 1496 836 1560 potest
846 1530 855 1556 ‚
866 1486 909 1544 rel
922 1486 952 1544 in
965 1487 1058 1546 alium
1077 1488 1222 1562 reiigiosm

172 1585 200 1633 et
213 1577 361 1633 honestum
372 1577 464 1633 locum
478 1593 630 1633 seorsnma
645 1573 825 1633 multitudine
838 1572 991 1648 perductus
1006 1591 1222 1649 energumenus,

172 1666 361 1734 exorcizetur3
382 1664 430 1722 sed
449 1666 473 1721 si
492 1664 576 1722 fuerit
599 1673 720 1736 egrotus
737 1706 745 1731 ,
764 1665 805 1721 rei
825 1678 941 1736 persona
958 1663 1094 1734 nobilis,
1118 1666 1158 1723 rei
1178 1665 1223 1721 alia

173 1752 289 1810 honesta
309 1752 466 1822 decanea,
487 1755 517 1809 in
538 1753 621 1809 domo
643 1753 748 1825 pritats
766 1750 913 1810 exardenti
935 1753 1050 1824 poterit.

226 1839 419 1898 admoneatur
446 1840 598 1908 omasus,
619 1841 643 1897 si
662 1847 754 1898 mente
772 1847 801 1896 et
817 1855 931 1912 corpore
955 1839 1048 1898 taient
1064 1883 1074 1909 ‚
1092 1850 1125 1898 ut
1140 1856 1186 1914 pro
1200 1856 1224 1897 ss

173 1936 232 1986 oret
250 1930 340 1986 Deum
352 1971 360 1997 ,
374 1944 406 1986 ac
416 1927 545 2002 jeiunett
556 1937 671 1986 atsacrs
686 1927 865 1987 Conimione
875 1936 905 1986 et
914 1929 1125 1987 Communium
1135 1930 1224 2002 sepius

173 2014 210 2072 ad
228 2014 375 2074 arbitrium
394 2013 551 2074 Sacerdotis
561 2032 591 2074 se
602 2017 776 2075 communiat
787 2035 796 2083 ς
810 2023 840 2074 et
851 2014 920 2075 dum
937 2017 1132 2087 nominatur,
1145 2025 1222 2074 totum

173 2118 204 2161 ae
228 2101 571 2178 oolligat‚etrdiieunr
596 2101 988 2172 conrartst‚aetirmedde
1009 2103 1223 2163 miuoemmeo

173 2187 304 2263 deposom
323 2207 388 2249 cnm
405 2192 483 2249 omni
502 2191 670 2250 bumilitate.
688 2193 726 2249 tt
744 2207 809 2251 curn
827 2193 1019 2250 vehementius
1039 2201 1169 2263 mratur,
1187 2209 1223 2264 pa·

173 2278 275 2336 uenter
293 2279 452 2347 sustineat,
474 2279 545 2338 nihii
563 2277 694 2338 diffidens
711 2280 746 2337 de
765 2281 869 2339 auritio
886 2281 948 2338 Dei.

227 2363 336 2424 Habeat
355 2382 411 2438 prae
431 2367 560 2425 manibus
576 2410 584 2438 ‚
607 2367 649 2426 rei
667 2368 696 2424 in
715 2377 865 2441 conspeetu
890 2369 1073 2427 Cruciiixnm.
1099 2371 1221 2442 Reliquis

172 2469 283 2527 quoque
299 2456 484 2526 Sanctorum,
498 2455 547 2513 ubi
566 2455 661 2513 haberi
681 2458 806 2529 possint,
818 2456 948 2515 decenter
959 2473 992 2514 ac
1004 2465 1068 2515 tuto
1080 2458 1220 2532 mitigata,

173 2550 201 2599 et
219 2551 374 2615 coopertae,
394 2543 429 2600 ad
448 2551 544 2617 pectm
555 2587 563 2612 ‚
576 2545 618 2602 rei
632 2544 668 2601 ad
679 2553 764 2618 eaput
776 2544 881 2604 obsessi
897 2553 1054 2603 reverenter
1071 2545 1222 2604 admovean-

174 2640 220 2689 tur
236 2652 245 2700 ς
269 2631 317 2689 sed
340 2641 488 2701 misatur,
508 2650 544 2690 ne
562 2649 606 2690 res
623 2649 708 2692 sacra
731 2633 846 2707 indigne
866 2642 1046 2704 tractentur,
1071 2645 1122 2694 aut
1139 2637 1192 2693 illis
1210 2653 1221 2691 a

173 2718 299 2778 demone
315 2720 373 2778 uiia
391 2721 441 2778 flat
458 2722 570 2794 injuria.
590 2723 769 2781 sanctissima
789 2739 853 2780 vero
871 2724 1047 2782 Eucharistia
1058 2734 1223 2799 supereaput

173 2807 296 2877 obsessi,
315 2817 364 2866 aut
383 2809 464 2868 aliter
484 2812 544 2882 ejus
567 2812 675 2884 corpori
696 2828 753 2870 non
771 2811 970 2881 admoveatur,
992 2812 1031 2870 ob
1049 2815 1223 2872 irreverentia

174 2898 338 2968 periculum.
1037 2944 1045 2955 .

226 2985 366 3042 Exercista
382 3003 417 3044 ne
435 2997 548 3061 vagetur
566 2989 594 3046 in
613 2988 812 3062 multiloquio,
832 2997 882 3046 aut
900 2993 1114 3063 supervacaneis
1133 2993 1174 3050 rel
1185 3009 1225 3048 cu·

173 3073 255 3128 riosis
273 3074 539 3147 interrogationibus
559 3119 567 3147 ,
589 3080 741 3150 presertim
759 3078 795 3135 de
813 3077 896 3136 rebus
915 3077 1018 3137 iuturis
1041 3089 1072 3138 et
1093 3081 1225 3148 occultis,

173 3160 209 3217 ad
221 3176 303 3217 suurn
324 3179 426 3221 munus
438 3181 494 3222 non
506 3166 727 3238 pertinentibus3
740 3167 790 3224 sed
804 3166 902 3239 jubeat
914 3167 1094 3226 immundum
1105 3171 1226 3242 spiritum

174 3257 284 3319 tacere,
304 3257 332 3307 et
351 3249 387 3306 ad
405 3252 573 3327 intenogata
591 3263 701 3313 tantum
723 3254 909 3328 respondem
929 3271 1019 3329 noque
1040 3258 1067 3315 ei
1085 3257 1226 3322 credmur,

173 3339 197 3393 si
217 3337 327 3396 daemon
345 3340 491 3400 simularet
507 3358 537 3400 se
555 3359 615 3402 esse
628 3345 751 3403 animam
770 3344 890 3417 alicujm
907 3345 1001 3402 Sancti
1014 3387 1023 3414 ‚
1037 3347 1081 3405 rel
1093 3347 1227 3412 defuncti,

174 3427 214 3484 uel
233 3430 374 3501 Angelum
392 3429 508 3487 bonum.

226 3519 393 3576 Necessariae
410 3535 473 3576 vero
492 3520 721 3594 interrogationes
744 3532 811 3579 sunt
826 3564 834 3590 ‚
849 3530 882 3580 ut
892 3522 927 3580 de
938 3539 1057 3582 numero
1076 3536 1104 3582 et
1123 3528 1229 3585 nomine

173 3608 324 3678 spirituum
342 3606 551 3678 obsidentium,
572 3607 608 3666 de
629 3618 752 3682 tempore
769 3627 825 3683 quo
845 3613 965 3686 ingressi
981 3622 1051 3670 sunt
1062 3657 1071 3683 ‚
1083 3613 1120 3673 de
1135 3632 1228 3681 musa.

173 3702 202 3750 et
212 3694 276 3750 aliis
288 3694 460 3767 huJusmodi.
473 3699 592 3755 Caeteras
605 3706 698 3756 autern
709 3698 845 3758 daemonis
858 3715 960 3774 nugas⁹
974 3701 1065 3771 risus,
1077 3710 1105 3758 et
1117 3704 1229 3777 ineptias

174 3784 316 3841 Esorcista
343 3783 488 3852 cohibeat,
508 3793 557 3842 aut
576 3794 758 3857 contemnat,
780 3797 809 3846 et
827 3788 1059 3858 circumstantes,
1081 3793 1133 3862 qni
1155 3795 1228 3865 pauci

174 3884 233 3926 asse
259 3869 385 3942 debent,
409 3872 583 3943 admoneat,
602 3890 638 3932 ne
656 3875 716 3933 hac
733 3884 832 3934 curent
851 3919 860 3945 ‚
883 3892 973 3950 neque
989 3878 1044 3950 ipsi
1062 3879 1230 3953 interrogent

173 3957 335 4030 obsessum
355 3961 404 4019 aad
424 3964 516 4034 potius
543 3963 686 4021 humiliter
702 3974 730 4022 et
747 3967 825 4022 enim
844 3966 935 4022 mum
954 3982 1004 4038 pro
1021 3982 1056 4024 eo
1074 3979 1226 4040 precentur.

227 4050 399 4108 Exoreismos
417 4067 480 4109 vero
498 4051 581 4110 iaciat
601 4068 633 4110 ac
651 4053 725 4128 legat
743 4071 808 4113 cum
826 4055 969 4127 imperio,
993 4064 1022 4113 et
1045 4061 1228 4128 auctoritate,

174 4152 274 4211 magna
293 4139 347 4199 tide
360 4182 368 4210 ‚
381 4149 409 4199 et
421 4141 597 4210 humilitate,
615 4149 698 4216 atque
715 4142 839 4214 terrore3
858 4152 888 4202 et
903 4159 969 4202 eunt
986 4142 1087 4203 viderit
1104 4149 1228 4222 spiritum
