2782 4696
375 112 421 176 Do
441 114 641 181 Sueremento
664 117 825 202 Baptismi.
1094 118 1135 184 37

73 238 221 321 melito,
246 237 281 303 in
307 235 398 321 cujus
420 236 575 318 nomine,
603 242 701 321 utque
724 236 842 304 virtute
869 237 1019 322 precipio
1047 237 1135 320 libi,

76 345 273 430 quicumque
289 362 324 409 es
338 344 467 428 spiritus
488 343 675 426 immunde,
697 348 735 408 ut
756 347 867 428 exeas,
889 351 922 409 et
944 345 1073 411 recedes
1095 344 1136 411 nb

76 451 141 516 hoc
162 450 283 515 simulo
305 450 366 515 Dei
384 448 441 525 N„
472 468 568 534 quem
592 451 691 516 hodie
713 450 797 516 idem
817 453 904 515 Deus
927 457 960 515 ct
980 452 1137 516 Dominus

76 563 188 621 noster
211 557 303 621 lesus
328 557 472 622 Christus
491 556 532 621 ed
549 573 638 621 sunm
657 563 800 623 sanctam
825 557 960 639 gritinm
985 562 1017 620 et
1038 557 1137 622 hene-

77 660 277 744 dictionem,
299 663 497 746 Fontemque
519 663 721 746 Baptismctis
741 663 829 728 dono
850 665 967 727 uoctre
989 662 1137 747 lignulum

77 773 127 833 est
142 788 152 831 ε
173 774 213 833 ut
231 767 290 834 fiet
311 767 380 852 ejus
397 770 553 854 templum
570 788 629 854 per
648 787 761 854 cqunm
776 770 1024 852 regenerationis
1038 771 1072 834 in
1086 787 1136 834 re·

77 873 262 939 missionem
287 874 430 941 omnium
450 877 668 960 pecccldrum.
693 877 732 942 In
753 877 882 942 nomine
904 874 1046 960 ejusdcm
1066 875 1136 942 Ild-

76 980 158 1044 mini
178 983 281 1047 nostri
301 983 378 1047 lesu
401 982 541 1065 Christi,
564 983 621 1065 qui
639 982 791 1049 venturus
810 988 859 1049 est
877 980 1023 1067 iudicine
1045 982 1136 1049 vivos

77 1090 110 1149 et
131 1085 299 1170 mortuos,
322 1094 355 1153 et
376 1087 524 1154 emulum
544 1107 604 1173 per
624 1088 742 1173 ignem.
782 1086 819 1169 ul·
855 1090 968 1156 Arnen.

138 1180 290 1250 Similiter
302 1184 330 1250 si
343 1185 449 1270 plures
463 1187 605 1270 luerint,
624 1188 762 1275 imponit
776 1205 903 1255 murum
915 1207 1011 1274 super
1024 1193 1128 1276 capite
1237 1235 1238 1238 =

70 1287 293 1372 singulorum,
311 1296 344 1356 et
358 1291 437 1357 dicit
452 1293 599 1360 eumdem
613 1295 831 1361 Exercismum
845 1296 880 1361 in
894 1314 1027 1362 numero
1044 1298 1128 1364 mul·

70 1392 244 1479 titudinis,
261 1402 294 1461 ct
316 1413 429 1481 genere
448 1419 519 1464 suo.

135 1502 252 1567 Postea
278 1504 432 1570 Sacerdos
450 1507 567 1589 pollice
591 1510 707 1593 accipit
726 1509 767 1575 de
790 1510 888 1575 saliva
911 1512 975 1575 oris
995 1512 1044 1577 sui
1063 1558 1074 1593 ,
1096 1518 1130 1576 et

70 1609 174 1690 tangit
188 1628 303 1691 eures,
320 1618 353 1676 et
365 1631 457 1678 neres
475 1615 595 1697 Electi3
613 1614 774 1701 tangendo
792 1635 870 1682 vero
892 1635 1001 1684 curem
1017 1617 1128 1684 dexte

70 1733 141 1779 ram
160 1722 195 1780 et
215 1717 392 1802 sinistram,
411 1718 516 1785 dieat:
539 1721 726 1808 Ephphete,
748 1721 839 1807 quod
857 1728 923 1805 est,
946 1722 1132 1807 adaperire3

71 1818 188 1886 deinde
209 1821 372 1906 iungendo
394 1842 510 1907 neres,
532 1825 647 1893 dicet:
673 1828 712 1892 ln
735 1827 870 1893 odorem
888 1828 1053 1894 suevitttis
1069 1848 1079 1910 ;
1097 1835 1130 1895 et

71 1923 202 1992 subdit:
219 1932 269 1997 Tu
283 1937 391 1998 eutem
404 1931 567 2016 effugite,
585 1931 736 2016 didbole,
759 1932 1032 2019 appropinqutbit
1051 1934 1134 2001 enim

73 2033 231 2118 judicium
252 2037 326 2103 Ilei.
1205 2031 1217 2042 ’

134 2137 261 2205 Deinde
281 2141 459 2224 interroget
477 2143 644 2208 Electum:
674 2143 752 2224 Quis
774 2144 928 2212 voceris?

136 2247 180 2310 Et
198 2245 268 2330 ipse
286 2245 483 2330 respondet:
501 2249 539 2313 ll.
1016 2254 1019 2260 ’

137 2350 343 2434 interroget:
364 2352 405 2417 ll.
435 2352 649 2419 Abrcmintius
671 2354 820 2420 Silene?

138 2460 178 2542 ul.
205 2457 418 2525 Abrendntio.

137 2556 341 2647 Interrog'et:
365 2565 406 2631 Et
428 2564 576 2631 omnibus
598 2565 751 2652 operibus
768 2562 863 2649 ejus?

137 2673 178 2756 ul.
210 2668 422 2738 Abrendntio.

136 2777 343 2859 Interrogot:
369 2779 411 2842 Et
430 2777 578 2845 omnibus
597 2778 726 2864 pompis
744 2775 841 2862 ejus?

49 2926 52 2931 -
136 2887 178 2966 nl.
207 2882 421 2949 Abremintio.

135 2990 229 3053 Tunc
245 2987 397 3053 Sacerdos
411 2989 540 3072 intingit
556 2990 704 3074 pollicem
719 2991 856 3058 dexterae
873 3008 984 3059 menne
999 2992 1034 3058 in
1050 2994 1128 3061 Oleo

72 3103 185 3162 sancto
209 3094 541 3178 catechumenorum,
567 3102 600 3161 et
621 3097 746 3180 inungit
768 3101 912 3165 Electum
937 3102 1076 3185 primunr
1096 3103 1131 3168 in

74 3211 206 3286 pectore
219 3249 229 3284 ,
243 3200 357 3267 deinde
374 3203 456 3268 luter
467 3203 631 3287 scapulas,
649 3203 681 3268 in
696 3203 828 3270 modum
845 3207 955 3272 Crucis
971 3255 980 3287 ,
998 3207 1128 3273 dicens:

75 3309 143 3392 Ego
159 3312 196 3372 tc
208 3304 288 3372 linio
304 3306 385 3373 oleo
404 3307 514 3372 solutis
532 3317 565 3385 *1⁴
589 3308 623 3371 in
639 3305 764 3372 cnunc
779 3307 855 3373 lesu
868 3305 1007 3373 Domino
1022 3313 1133 3374 nostro

75 3411 109 3479 in
129 3411 235 3478 ritum
255 3412 414 3478 eternam.
466 3419 502 3499 rr).
524 3411 635 3477 Amen.

138 3516 177 3592 pl.
204 3518 273 3583 Pu
294 3517 365 3583 tibi.

138 3628 179 3708 ru.
204 3623 248 3687 Et
271 3640 344 3689 cnm
366 3625 483 3709 spiritu
502 3632 573 3690 tuo.

135 3729 216 3795 Mox
237 3727 430 3812 homiuem,
453 3732 505 3797 vel
527 3750 561 3797 re
583 3733 676 3799 simili
699 3735 794 3818 tergit
815 3734 982 3820 pollicem,
1006 3740 1039 3798 el
1059 3735 1131 3800 loce

77 3836 231 3919 moneto,
252 3842 285 3903 ct
301 3835 485 3922 subjungit,
510 3837 616 3906 dicem
633 3861 641 3899 :

138 3939 200 4007 Exi
216 3985 228 4026 ,
247 3939 411 4012 immdnde
432 3941 589 4028 spiritus,
611 3947 645 4009 ct
664 3939 706 4011 de
727 3941 889 4010 honorem
912 3941 980 4008 Deo
1003 3941 1078 4009 vivo
1101 3947 1134 4007 et
