2782 4696
358 421 428 500 DE
454 417 805 500 PROCESSIONE

163 638 200 698 tn
225 635 277 698 dir
302 637 378 699 sesto
402 635 633 700 mirificationis
656 638 690 700 B.
719 638 821 700 biarirr
845 638 994 718 Virginis.

422 824 737 902 anaema-au

29 950 262 1150 Crmpleta
283 1067 525 1147 bencdictione,
560 1075 592 1133 ct
620 1068 843 1134 distributione
874 1070 1102 1150 (laudatarum,

54 1180 85 1237 ut
102 1175 137 1237 iu
157 1171 273 1237 Missali
296 1175 440 1238 Romano
462 1174 660 1257 reformato,
684 1176 722 1238 iit
744 1177 921 1240 Processio.
947 1178 986 1240 Et
999 1177 1103 1258 primo

53 1279 218 1345 celebrans
232 1281 368 1365 imponit
379 1282 544 1346 incensum
555 1283 589 1345 in
602 1281 802 1348 thuribulum
816 1304 824 1362 ;
850 1283 965 1349 deinde
988 1286 1102 1350 Diaco-

29 1437 30 1441 ,
54 1405 106 1451 nus
127 1393 255 1451 vertens
277 1405 310 1450 sc
332 1386 372 1452 ud
395 1386 572 1471 populum,
598 1387 700 1452 dicit:

164 1907 229 1973 Pro
272 1925 310 1971 cc
353 1904 510 1972 ddxmua
573 1909 607 1972 in
672 1924 716 1991 pu
759 1924 807 1970 cc.

370 2071 409 2133 Et
432 2071 555 2134 Chorus
577 2059 775 2154 respondet:

65 2284 919 2349 mnu-r

81 2354 919 2416 -—nt

176 2536 217 2603 ln
259 2537 303 2604 nd
346 2538 390 2602 mi
434 2556 474 2603 ne
518 2537 689 2621 Christi,
744 2505 879 2600 Amen.

106 2757 263 2822 Praecedit
284 2758 504 2822 thuriferarius
527 2777 598 2822 cnm
614 2757 779 2822 thuribulo
799 2756 990 2836 fumigante,
1010 2755 1098 2821 dein-

46 2860 82 2926 dc
102 2861 325 2927 subdiaconus
353 2869 482 2947 paratus
510 2863 656 2927 dcfercns
684 2865 833 2941 Crucem,
865 2860 987 2925 medius
1016 2863 1099 2926 inter

46 2967 123 3033 duos
150 2968 328 3053 acolythos
357 2988 429 3032 cum
455 2969 670 3047 candelabris,
705 2976 737 3032 ct
765 2966 903 3031 candelis
934 2968 1096 3031 accensis:

44 3075 185 3158 sequitur
205 3074 313 3141 clerus
333 3094 391 3159 per
411 3075 571 3155 ordinem,
598 3076 712 3140 ultimo
736 3075 901 3139 Celebraus
925 3093 998 3138 cuna
1018 3074 1096 3139 Dia-

44 3197 124 3245 eono
139 3200 159 3245 n
173 3182 306 3246 sinistris
321 3229 330 3262 ,
355 3201 465 3246 omnes
482 3202 553 3246 cnm
571 3182 708 3246 candelis
722 3184 860 3246 accensis
874 3183 905 3244 in
927 3181 1094 3246 manibus:

44 3292 72 3348 et
94 3293 263 3350 cantantur
279 3288 476 3370 Antiphone·
498 3295 676 3371 srqnmtes.

43 3418 1106 3634 Μ

106 3717 304 3800 antiphona.
344 3698 346 3703 ’
458 3705 509 3771 td
543 3705 583 3769 dr
604 3722 644 3768 na
684 3702 740 3768 tha
784 3702 816 3765 la
837 3709 925 3760 mum
940 3700 977 3758 tu
1008 3710 1063 3757 um
