2782 4696
453 362 523 438 llll
548 361 899 446 SACRAMENTO

363 555 489 650 1³OE
510 554 558 648 Ν
579 555 604 646 1
623 555 668 647 'l'
685 555 730 648 E
754 554 803 648 Ν
822 552 867 646 Τ
886 553 911 644 l
930 551 994 645 [Ε

586 757 772 815 W

149 920 309 1027 Sanctum
326 969 501 1026 Poeniunun
518 968 743 1036 Sacramentum,
762 966 798 1024 ad
816 982 880 1034 cos,
893 967 941 1039 qui
960 976 1022 1040 post
1032 969 1204 1040 baptismum

151 1056 222 1130 lanai
242 1064 327 1124 sunt,
346 1055 376 1113 iii
393 1056 511 1129 gratiam
527 1056 579 1112 Dei
595 1054 809 1112 restitiiendosa
825 1055 936 1112 Christo
954 1056 1073 1112 Domino
1091 1055 1205 1114 institu-

150 1152 229 1215 tiini,
250 1160 284 1202 ao
304 1143 468 1217 diligentins
485 1142 739 1201 administrandum
758 1150 822 1211 est,
838 1158 894 1215 quo
911 1142 1080 1217 frequentior
1091 1152 1135 1202 est
1145 1146 1206 1219 ejiis

151 1249 240 1301 asiis,
259 1241 289 1290 ct
306 1247 362 1305 qno
379 1232 459 1304 plura
477 1230 658 1304 requirimtur
674 1230 711 1288 ad
728 1229 799 1287 illud
815 1239 906 1298 recte,
927 1230 1066 1306 digneque
1082 1241 1206 1292 uacun-

151 1320 243 1392 dnm,
261 1336 297 1378 ac
316 1319 535 1393 suscipiendum.
553 1319 624 1377 cuni
646 1327 741 1377 sumni
758 1318 794 1376 ad
812 1318 884 1375 illud
905 1321 1129 1379 constituendum
1152 1323 1207 1382 tria

153 1416 346 1478 mneurraiit,
365 1408 499 1476 materia,
518 1406 631 1476 forma,
651 1415 680 1464 at
696 1407 845 1464 minister:
867 1407 945 1464 illius
969 1408 1082 1481 quidem
1099 1419 1206 1469 remota

152 1499 270 1556 materia
288 1505 358 1554 sunt
373 1503 500 1570 peccata,
519 1496 643 1568 pmxima
660 1510 724 1552 vero
737 1503 805 1552 sunt
821 1503 901 1552 actus
915 1497 1089 1568 poenltsntis,
1104 1514 1206 1572 nempe

152 1585 306 1653 munitio,
319 1583 477 1652 mniessio,
495 1590 523 1641 et
535 1581 696 1641 mtislactio.
710 1585 810 1641 Forma
827 1592 941 1654 autem,
960 1583 1009 1643 illa
1022 1584 1207 1645 absolutionis

153 1673 256 1731 rerba:
276 1679 339 1746 Eoo
352 1676 379 1729 lc
393 1670 526 1742 obsoleo,
543 1675 596 1728 ele.
615 1670 745 1730 Minister
757 1671 878 1743 denique
888 1680 932 1729 cst
941 1673 1088 1743 Sacerdos,
1101 1673 1208 1732 babens

155 1766 324 1834 putarem
336 1757 497 1817 absolvendi
507 1757 550 1816 val
567 1757 753 1829 ordinariam,
766 1759 808 1816 sel
822 1757 986 1832 delegatam.
999 1759 1052 1818 Sed
1063 1761 1088 1818 si
1098 1761 1208 1833 pericu·

155 1846 216 1906 hui
233 1847 335 1905 mortis
351 1847 515 1915 immineat,
537 1845 758 1919 approbatamque
775 1845 846 1903 desit
863 1846 1070 1917 confessarius,
1089 1848 1209 1921 quilibet

155 1935 292 1994 &mdes
305 1942 428 2009 potata
445 1933 666 2008 quibuscumque
684 1935 808 1991 censuris
824 1941 853 1990 ct
869 1935 988 2007 peccans
1005 1936 1153 1994 absolvers.
1173 1937 1209 1993 ln

155 2022 216 2096 eius
232 2020 365 2080 ministro
382 2021 535 2095 requiritur
551 2023 635 2079 atiani
653 2021 778 2088 bonitas,
791 2021 927 2090 menda,
945 2032 1027 2097 atque
1039 2023 1207 2097 pmdentia,

155 2125 219 2169 nni
237 2109 334 2185 sigillo
349 2117 462 2167 acereta
478 2107 660 2167 confessionis
676 2108 730 2166 snb
747 2117 863 2177 exacto,
883 2119 1068 2185 perpetuoque
1085 2111 1205 2169 silendo

156 2195 267 2270 Quibus
285 2205 316 2255 et
331 2196 396 2255 aliis
413 2195 450 2254 ad
467 2195 496 2253 id
512 2197 693 2270 opportunis,
712 2205 746 2254 ut
761 2197 867 2270 optime
886 2198 944 2255 sint
960 2199 1108 2269 instructi,
1130 2200 1208 2256 omni

156 2282 248 2342 ands
266 2299 367 2342 cinara
385 2282 490 2343 debant
507 2283 683 2342 confessarii.

204 2372 240 2429 ln
256 2371 358 2445 primis
374 2371 524 2430 namincrit
539 2371 751 2442 Confessarius,
768 2387 799 2430 sc
812 2371 916 2444 iudicia
936 2374 1039 2446 perito·
1057 2381 1086 2431 et
1105 2373 1208 2432 medici

157 2474 301 2534 monam
318 2463 474 2530 sustinere,
496 2476 529 2520 ec
547 2459 649 2519 dimna
663 2460 778 2532 justitie
796 2461 881 2518 simul
899 2469 928 2518 et
947 2461 1141 2520 misericordia
1155 2462 1209 2517 mi·

157 2547 275 2607 min
289 2564 307 2606 a
319 2551 381 2607 Deo
396 2549 580 2607 constitutum
598 2563 678 2618 esse,
696 2557 731 2606 ut
749 2556 892 2622 tamquam
910 2547 1013 2605 arbiter
1029 2549 1103 2605 inter
1117 2551 1210 2606 Deum

158 2643 185 2693 al
197 2636 347 2708 homitias,
368 2637 468 2694 bonori
489 2635 608 2704 divino,
629 2644 657 2693 at
677 2637 835 2693 animamm
856 2635 939 2693 saluti
957 2635 1092 2693 consulat.

204 2726 245 2782 Ilt
257 2741 325 2799 orgo
337 2732 411 2782 racte
420 2724 547 2797 judicare
558 2732 661 2797 queat,
675 2723 834 2781 discernens
846 2723 919 2780 inter
931 2723 1036 2795 lepram
1047 2730 1076 2779 ct
1086 2723 1208 2796 lepram,

160 2818 186 2868 at
198 2818 344 2886 tamqnam
359 2813 466 2885 peritus
484 2809 609 2868 medicus
628 2812 786 2868 animarum
805 2811 915 2868 morbos
933 2809 1083 2884 pmdcnter
1094 2826 1208 2880 curare,

161 2904 186 2955 a
200 2908 264 2973 sota
284 2899 386 2973 malque
400 2898 524 2957 remedia
542 2898 679 2971 applicare
696 2900 785 2970 sciat,
799 2907 932 2972 quantam
951 2906 1041 2970 potest
1058 2897 1209 2954 maximam

163 2983 194 3042 ad
208 2985 239 3043 id
257 2985 405 3045 edendam
421 2994 504 3060 atque
520 2985 716 3060 prudentiam,
738 2995 801 3044 tum
820 2985 939 3044 assiduis
954 2985 992 3043 ad
1012 2988 1102 3043 Deum
1121 2985 1209 3058 preci-

164 3069 220 3143 lu,
234 3083 298 3132 uim
310 3090 344 3133 ax
354 3074 477 3148 probatis
488 3075 670 3144 Auctoribus,
684 3076 836 3147 prasertim
847 3091 864 3131 e
874 3074 1048 3132 Catecbisino
1065 3076 1207 3143 Romano,

165 3166 189 3215 at
201 3160 330 3234 prudenti
347 3162 463 3220 oonsilio
481 3162 632 3235 pantorum
653 3163 764 3221 studeat
783 3163 836 3221 sibi
857 3177 1028 3235 comparare.

207 3250 283 3306 Sciet
303 3265 385 3310 casas
403 3260 432 3309 ct
448 3266 579 3309 censuras
596 3250 661 3309 Sodi
679 3252 864 3324 spostolicae,
884 3259 913 3308 ct
929 3249 1077 3307 Ordinatio
1095 3265 1147 3307 suo
1165 3265 1211 3305 re·

168 3346 275 3396 aursus
288 3379 297 3408 ,
308 3346 338 3397 at
347 3354 406 3397 sum
414 3338 550 3413 cujusque
560 3341 691 3398 Ecclesia
709 3340 938 3407 aemulationes,
951 3354 1050 3412 easque
1062 3336 1210 3411 diligenter

170 3420 291 3483 mmet.

210 3512 315 3571 Deinde
333 3514 419 3588 hujus
436 3516 608 3574 sacramenti
625 3515 779 3574 doctrinam
798 3531 911 3573 omnem
928 3522 1002 3572 recte
1018 3529 1101 3570 nosse
1117 3511 1211 3570 stude-

173 3594 219 3668 lii,
236 3610 264 3659 et
278 3603 334 3661 alia
352 3605 388 3662 ad
406 3604 467 3677 slus
486 3614 589 3663 rectem
607 3604 876 3662 administrationem
895 3604 1057 3661 necessaria.
1078 3606 1169 3674 litque
1181 3600 1210 3657 in

175 3681 214 3744 loc
227 3691 378 3750 nnbmdo
396 3693 436 3751 in
457 3693 606 3768 macerat,
624 3701 657 3750 st
674 3692 746 3750 infra
765 3694 959 3766 prescribitur.

595 3912 780 3969 onim
