2782 4696
169 230 188 295 2

221 355 254 410 ln
272 356 348 410 omni
364 357 605 413 sacramentorum
619 353 859 414 administratione
871 356 1071 430 superpelliceo
1087 357 1126 417 sit
1139 355 1219 417 moa

168 447 230 509 tus,
245 448 272 496 et
283 439 400 513 desuper
412 443 483 499 stola
495 444 555 514 ejus
571 443 672 500 coloris
684 484 693 512 ,
707 459 790 516 quem
801 446 973 501 sacramenti
989 447 1062 505 ritus
1073 447 1219 519 mposeit3

168 528 224 584 nisi
244 528 471 607 inSacramento
488 532 662 589 Paenitentia
686 531 869 589 ministrando
891 534 1017 602 occasio,
1035 532 1080 592 vel
1093 540 1219 593 'com

168 615 237 674 tudo
248 658 257 684 ,
270 617 313 674 uel
330 617 409 675 locus
428 619 567 675 interdum
587 619 667 676 aliter
685 619 808 677 suadeat.

221 703 373 761 adhibebit
384 721 494 778 quoque
509 723 597 764 unum
617 708 714 764 saltem
727 749 735 776 ,
747 710 772 765 si
785 709 897 778 babeat,
911 710 955 766 vel
970 708 1063 782 plures
1080 709 1220 779 Clerlcoe,

170 801 254 864 prout
271 792 345 861 loci,
364 801 392 850 et
409 795 578 851 Sacramenti
597 797 668 852 ratio
686 797 854 869 postulabit,
874 797 982 853 decenti
1003 796 1120 866 babitu,
1133 806 1222 855 etsu-

169 881 334 955 perpelliceo
355 883 456 955 pariter
474 883 595 940 indutos.

223 972 337 1028 Curabit
360 973 465 1041 etiam,
485 981 516 1029 ut
535 990 613 1029 sacra
631 974 770 1046 supellex,
793 983 897 1040 vestes,
915 982 1097 1041 ornamenta,
1123 975 1224 1032 llum·

171 1058 270 1126 mina,
289 1067 318 1114 et
335 1075 398 1117 rasa
417 1061 563 1117 ministerii
582 1063 708 1134 integra,
730 1061 871 1135 nitidaque
886 1063 962 1130 sint,
980 1069 1009 1119 et
1024 1061 1146 1120 munda.

225 1152 260 1206 ln
276 1149 517 1206 Sacramentorum
537 1149 775 1207 administratione
793 1166 889 1206 eorum
904 1152 1033 1208 virtutem
1045 1192 1054 1218 ,
1065 1151 1183 1221 usum,
1193 1167 1225 1208 ac

171 1237 337 1305 utilitatem,
357 1246 385 1292 et
399 1238 625 1293 ceremoniarum
643 1238 874 1310 significationes,
887 1246 919 1294 ut
935 1239 1090 1296 Concilium
1103 1237 1225 1296 Triden-

172 1325 264 1382 tinum
286 1326 435 1396 praecepit,
453 1341 485 1380 ex
503 1326 545 1383 Ss.
566 1327 680 1383 Petrum
703 1335 731 1382 et
748 1328 914 1383 catechismi
931 1327 1051 1383 Romani
1073 1325 1225 1394 doctrine,

171 1412 219 1469 ubi
241 1412 385 1469 commode
407 1412 465 1468 lieri
489 1422 595 1484 potest,
613 1413 761 1486 diligenter
784 1414 940 1487 explicabit.

225 1505 300 1557 Dum
314 1501 523 1558 Sacramentum
541 1501 653 1575 aliquod
674 1505 813 1559 ministrat
828 1545 837 1572 ,
855 1504 966 1575 singula
983 1501 1084 1572 verba,
1105 1517 1173 1575 quae
1192 1499 1226 1557 ad

173 1589 251 1646 illius
264 1589 381 1646 formam
399 1598 428 1645 ct
445 1590 628 1647 ministerium
644 1593 801 1663 pertinent,
820 1600 938 1659 abente,
951 1591 1101 1659 distincte,
1125 1598 1156 1647 et
1165 1590 1225 1663 pie,

173 1687 261 1751 atque
274 1679 348 1734 clara
361 1694 425 1734 voce
436 1678 639 1750 pmnuncinbit.
653 1680 787 1736 Similiter
797 1687 826 1736 et
836 1680 905 1736 alias
918 1680 1077 1747 Orationes,
1092 1685 1123 1735 et
1133 1693 1227 1751 preces

173 1767 271 1824 devote
286 1783 318 1823 ac
335 1767 460 1839 religiose
480 1766 574 1835 dicet,
593 1784 645 1824 nec
663 1769 821 1836 memoriae,
840 1783 902 1841 qum
919 1766 1081 1839 plemmque
1100 1764 1226 1831 labitur,

173 1856 255 1913 lacile
266 1856 400 1924 confidet,
413 1855 461 1938 sed
474 1857 567 1912 omnia
578 1857 705 1913 recitabit
716 1873 747 1914 ex
759 1858 839 1914 libro.
852 1856 984 1929 Reliquas
995 1863 1128 1927 preterea
1140 1855 1227 1910 Caerc·

176 1945 283 2001 munias
294 1961 327 2001 ac
338 1945 420 2001 Ritus
431 1984 440 2013 ,
452 1946 490 2001 lta
504 1944 650 2014 decenter,
663 1947 793 2019 gravique
804 1947 911 2003 actione
922 1952 1048 2018 peraget,
1065 1950 1099 2000 ut
1114 1941 1227 1999 adstan-

173 2039 216 2089 tes
238 2030 274 2088 ad
294 2032 449 2088 coelestium
472 2049 564 2089 rerum
588 2034 782 2105 cogitationem
800 2035 907 2106 erigat,
930 2040 959 2088 et
975 2038 1095 2088 attentos
1118 2028 1225 2087 reddat

228 2119 273 2177 Ad
296 2119 510 2177 ministrandum
528 2120 700 2194 procedens,
719 2123 759 2180 rei
777 2138 860 2196 qnam
878 2129 1045 2179 tractatunrs
1056 2128 1118 2188 est,
1137 2120 1229 2174 inten-

175 2220 224 2268 tus
243 2209 300 2274 sit,
320 2223 370 2264 nec
388 2207 422 2264 de
439 2209 488 2275 iis,
503 2224 564 2280 quae
582 2208 617 2265 ad
635 2210 723 2281 ipsam
744 2225 800 2266 non
819 2211 974 2282 pertinent,
992 2206 1146 2281 quidquam
1164 2219 1228 2261 cunr

176 2297 233 2353 alio
251 2298 444 2370 colloquatur;
465 2297 495 2352 in
508 2299 622 2369 ipsaque
639 2297 879 2354 administratione
896 2297 1032 2354 actualem
1045 2295 1228 2351 attentionem

176 2383 279 2443 babere
298 2385 429 2454 studeat,
453 2385 494 2441 vel
516 2386 612 2441 saltem
632 2386 801 2454 virtualem,
822 2401 886 2442 cum
909 2385 1063 2441 intentione
1082 2381 1227 2448 faciendi,

177 2474 253 2546 quod
271 2476 301 2531 in
320 2491 352 2531 eo
371 2473 437 2530 lacit
454 2475 585 2532 Ecclesia.

231 2561 306 2619 lllud
319 2578 399 2635 porro
413 2562 561 2633 diligenter
577 2570 687 2629 careat,
700 2579 736 2618 ne
747 2564 778 2618 in
789 2564 1031 2619 sacramentorum
1049 2558 1228 2616 administra·

175 2653 251 2708 tione
268 2650 376 2725 aliquid
392 2653 489 2724 quavis
505 2649 539 2707 de
554 2666 651 2708 caussa
670 2652 710 2707 rel
729 2653 894 2720 occasione,
913 2650 1016 2707 directe
1032 2648 1076 2705 vel
1093 2647 1230 2705 indirecte

176 2742 287 2814 exigat,
306 2749 356 2797 ant
374 2748 466 2814 petat,
485 2739 534 2798 sed
554 2755 585 2796 ea
603 2740 689 2812 gratis
710 2740 869 2810 ministret,
889 2748 918 2796 et
932 2739 968 2795 ab
981 2737 1058 2794 omni
1082 2736 1228 2804 simonie,

177 2838 260 2902 atque
287 2830 408 2886 avaritiae
428 2828 605 2901 suspicione,
626 2826 727 2884 nedum
749 2828 884 2895 crimine,
907 2826 1068 2900 longissime
1093 2824 1178 2881 absit
1201 2825 1231 2882 Sl

178 2916 247 2988 quid
258 2934 321 2974 vero
341 2920 454 2974 nomine
471 2918 669 2990 eleemosyna,
683 2926 733 2973 aut
749 2916 901 2973 devotionis
916 2915 1028 2983 studio,
1044 2921 1158 2986 peracto
1173 2913 1230 2986 Jam

179 3007 375 3073 Sacramenta,
394 3015 492 3077 sponte
510 3022 525 3060 a
545 3004 687 3062 Fidelibus
705 3005 855 3072 offeratur,
875 3005 903 3061 id
923 3005 996 3061 licite
1015 3019 1065 3075 pro
1083 3011 1231 3060 consuetu·

180 3092 245 3149 dine
263 3093 386 3148 locomm
405 3093 528 3163 accipere
544 3095 663 3164 poterit,
685 3095 738 3149 nisi
760 3094 840 3149 aliter
861 3093 995 3164 Episcopo
1013 3090 1152 3147 uideatur.

232 3180 375 3237 Fidelibus
398 3180 495 3237 alienae
519 3182 657 3238 Paroclriae
680 3184 855 3238 Sacramenta
878 3197 935 3236 uon
956 3179 1149 3245 ministrabit,
1178 3177 1232 3234 nisi

180 3269 350 3326 necessitatis
368 3285 485 3337 caussa,
506 3269 548 3325 rel
567 3269 601 3325 de
618 3270 728 3326 licentia
750 3271 887 3337 Paroclri,
909 3285 958 3325 seu
976 3265 1127 3324 ordinarii.

233 3360 337 3414 Omnes
353 3365 462 3426 autem,
475 3359 523 3430 qui
535 3359 711 3415 Sacramenta
734 3359 904 3429 suscipiunt,
922 3358 983 3414 loco
1001 3364 1029 3413 et
1047 3364 1173 3426 tempore
1185 3369 1233 3425 op·

181 3457 300 3516 pomuno
318 3447 461 3515 monebit,
482 3456 514 3504 ut
532 3455 637 3504 remoto
658 3449 736 3505 inani
753 3448 912 3520 colloquio,
933 3455 961 3503 ct
980 3444 1093 3510 babitu,
1112 3452 1233 3515 actuque

181 3534 341 3603 indecenti,
360 3537 404 3608 pie
422 3552 454 3592 ac
472 3535 567 3592 devote
585 3537 769 3594 sacramentis
786 3537 932 3605 intersint,
944 3543 973 3591 et
983 3550 1031 3602 ea,
1044 3549 1099 3607 qua
1111 3547 1164 3605 par
1174 3540 1232 3600 est,

181 3625 331 3681 reverentia
349 3625 510 3696 suscipiant.

235 3714 350 3768 Librum
372 3714 447 3769 launo
465 3713 629 3782 Ritualem,
652 3713 700 3769 ubi
720 3730 789 3785 opus
810 3713 913 3780 fuerit,
937 3727 1045 3783 semper
1064 3725 1131 3765 cum
1150 3707 1233 3764 mini·

183 3800 302 3868 strabit,
325 3817 419 3856 secum
442 3800 552 3858 habebit
565 3842 572 3868 ,
591 3802 726 3873 ultusque
737 3809 765 3858 et
775 3802 959 3859 Caeremouius
972 3800 1001 3856 in
1014 3814 1047 3855 co
1060 3797 1234 3870 prescriptos

184 3887 332 3961 diligenter
348 3890 476 3947 servabit.

235 3978 362 4033 Ceterum
375 3977 488 4033 illorum
505 3985 612 4035 tantum
629 3979 868 4035 wranrentorum
880 4020 888 4047 ,
899 3992 1018 4050 quorum
1029 3972 1237 4031 administratio

185 4065 219 4120 ud
243 4067 380 4122 Paroclros
400 4066 536 4137 pertinet,
556 4067 638 4123 Ritus
656 4067 708 4122 boc
724 4084 805 4139 opere
826 4066 1054 4139 praescribuntur,
1077 4061 1250 4134 cujusmodi
