2782 4696
415 319 461 384 De
486 318 751 386 Processionibus.

128 442 178 503 Te
199 435 358 524 gieridsus
380 435 610 524 Apostoldrum
636 436 774 523 chorus,

127 548 179 610 Te
195 546 426 631 Prophetdrum
439 546 607 612 laudibilis
623 547 794 630 rimeris,

126 652 179 717 ‘l'e
200 653 376 736 Martyrum
401 652 587 719 cendiddtus
609 652 721 719 laudet
745 652 911 718 exereitus.

126 759 177 821 Te
188 775 247 841 per
262 757 373 823 orbem
387 761 543 824 terrdrum
559 764 665 825 sancte
681 757 851 823 eonfitdtur
864 757 1015 824 Ecclesia.

129 864 260 927 Patrem
283 864 441 928 immense
459 864 644 949 mejestdtis.

129 967 357 1033 Venerdndum
377 976 469 1034 tuum
490 988 622 1052 verum,
646 975 680 1034 et
699 971 828 1035 unicum
848 968 972 1036 Fssium.

129 1078 285 1139 Sanctum
310 1093 441 1160 quoque
462 1076 653 1140 Periclitum
680 1077 844 1161 Spiritum.

128 1182 183 1244 Tu
202 1181 269 1244 Rex
292 1180 403 1262 gldriae
413 1225 423 1262 ,
449 1180 581 1245 Christe.

126 1288 182 1350 Tu
203 1287 306 1350 Patris
327 1287 536 1369 sempitdrnus
558 1305 592 1350 es
613 1286 721 1351 Filius.

126 1393 180 1456 Tu
194 1390 235 1456 ed
249 1391 449 1458 liberdndum
462 1393 666 1478 susceptrirus
679 1393 860 1475 hdminem,
878 1411 943 1458 non
955 1393 1108 1461 horruIsti

62 1498 360 1581 virginisdterum.
721 1482 725 1491 '

127 1604 182 1668 Tu
201 1602 327 1671 desiero
348 1604 461 1669 mortis
478 1605 613 1688 ursileo,
629 1605 778 1689 aperuisti
800 1603 1002 1670 credentibus
1014 1624 1111 1690 regne

63 1708 231 1775 eoeldrum.

127 1814 180 1880 Tu
206 1814 247 1881 ad
262 1814 423 1882 dexteram
441 1819 501 1882 Dei
522 1816 631 1898 sedes,
653 1818 687 1882 in
711 1816 815 1899 gldria
836 1817 950 1882 Patris.

128 1921 146 1980 J
150 1920 234 1986 udex
251 1920 389 1986 crederis
410 1942 477 1988 esse
493 1923 657 1988 ventdrus.

126 2026 174 2092 Te
198 2045 297 2110 ergo,
322 2047 521 2112 quesumus,
543 2030 607 2095 tuis
620 2029 747 2095 idmulis
765 2028 924 2111 sdbreni,
942 2047 1025 2115 quos
1041 2050 1113 2116 pre-

60 2131 146 2197 fidso
166 2133 322 2216 sanguine
345 2132 520 2200 redemisti.

130 2238 258 2303 AEterna
272 2237 322 2303 isc
337 2257 411 2303 eum
425 2240 546 2305 Sanctis
562 2240 625 2304 tuis
640 2240 676 2304 in
690 2239 792 2323 gldria
807 2240 980 2305 numerdri.

127 2342 255 2408 salvum
277 2342 329 2408 fre
348 2345 505 2428 populum
529 2351 644 2427 tuum,
666 2345 824 2426 deine,
847 2350 880 2410 et
899 2344 1035 2411 benedic
1050 2346 1114 2412 hae·

58 2446 190 2514 rediisti
209 2455 282 2513 tuae.

128 2555 174 2619 Et
193 2573 269 2637 rege
291 2575 367 2640 eos,
392 2563 424 2619 et
444 2556 559 2621 exidlle
578 2556 650 2623 illos
671 2574 772 2641 usque
794 2555 827 2619 in
850 2556 1013 2621 eternum.

129 2659 191 2724 Per
213 2661 356 2743 singulos
381 2660 448 2726 dies
469 2660 684 2727 benedicimus
703 2668 748 2726 te.

132 2767 174 2829 itt
194 2765 360 2832 lauddmus
381 2784 498 2832 nomen
518 2774 610 2833 tuum
630 2770 664 2832 in
686 2768 853 2848 saeeulum,
869 2765 950 2831 etin
965 2766 1114 2834 saeeulum

127 2976 289 3061 Digndre,
307 2980 468 3058 immine,
490 2979 541 3045 die
560 2981 622 3045 isto
641 2980 708 3044 sine
722 2981 852 3062 peeedto
868 2996 927 3043 nos
942 2978 1112 3045 custodire.

128 3083 278 3149 Miserere
296 3087 425 3163 nostri,
444 3086 599 3165 nemine,
622 3085 771 3149 miserere
792 3085 905 3149 nostri.

131 3188 202 3255 i'iet
226 3190 443 3256 miseriedrdia
471 3197 550 3274 tue,
577 3191 736 3272 deine,
769 3208 975 3274 supernos,
999 3208 1114 3275 quem·

62 3293 236 3359 ddmodum
259 3296 459 3379 sperdrimus
478 3298 512 3360 in
530 3302 575 3360 te.

128 3404 172 3466 in
187 3406 237 3482 te,
256 3401 410 3482 deine,
430 3401 576 3486 speravi:
600 3419 666 3466 non
683 3398 861 3466 conidndar
874 3400 909 3464 in
926 3400 1089 3465 eternum.

125 3507 246 3573 Deinde
275 3510 336 3576 diei
363 3517 514 3597 poterunt
540 3516 683 3599 Psalmi,
712 3520 766 3601 qui
793 3529 991 3607 sequuntur,
1018 3535 1113 3609 presi

57 3617 185 3695 tempus
207 3614 298 3680 ieret.

478 3781 616 3844 psalmus
640 3786 693 3845 65.

121 3924 242 3992 ubildie
253 3928 321 3993 Deo
335 3929 438 3994 omnis
451 3936 559 4011 terra,
575 3930 730 4015 psalmum
744 3927 839 3994 dieite
856 3928 979 3995 ndmini
996 3927 1083 4014 ejus:
1100 3950 1109 3965 ·

122 4031 196 4097 date
216 4033 351 4116 gloriam
371 4034 458 4101 laudi
479 4034 557 4119 ejus.

126 4137 236 4202 Dicite
259 4141 355 4204 Deo:
384 4159 480 4224 quam
503 4141 657 4207 terribilia
681 4147 754 4208 sunt
776 4091 875 4225 ridere
895 4147 975 4222 tue,
1001 4140 1113 4206 dei·
