2782 4696
343 242 386 302 De
410 240 609 301 sacramento
634 238 792 317 Baptismi.
1058 239 1100 304 27

106 368 144 428 In
167 384 236 430 ora·
266 365 368 448 >Signo
388 361 449 430 tibi
470 382 523 446 os,
542 372 575 437 ff<
611 368 647 429 ut
662 363 805 447 loqueris
826 361 922 427 verbs
941 362 1024 426 vitae.

106 475 144 534 In
167 476 311 553 pectore.
345 471 442 554 Signo
464 469 524 536 tibi
548 476 675 555 pactus,
691 476 724 541 »Β
763 476 801 535 ut
815 468 924 534 credas
937 470 971 532 in
986 467 1099 531 Deum.

107 580 145 639 ln
163 577 313 659 scapulis.
345 577 440 659 Signo
455 575 513 641 tihi
531 575 694 660 seepalas‚
711 581 743 646 ὦ
776 582 813 639 ut
826 574 977 656 suscipias
990 571 1104 656 jugum

52 683 213 765 servitetia
234 680 315 766 ejas.
443 684 448 694 ’
491 680 495 689 ’

109 790 147 852 in
175 795 248 851 toto
273 805 432 869 corpere,
459 786 537 851 iliud
561 804 626 850 non
650 791 802 865 tangens,
827 797 922 845 manu
948 779 1097 861 producit

50 896 171 974 signum
198 891 326 970 Crucis,
355 898 386 955 et
412 890 506 957 dicit:
543 894 639 975 Signo
661 898 694 956 te
714 897 818 957 totum
841 893 876 956 in
895 891 1024 956 mimine
1044 894 1107 958 Pa·

57 1000 160 1071 trisse
189 1045 200 1079 ‚
220 1004 255 1062 ct
274 997 388 1072 filiis«
412 1044 423 1080 ,
439 1005 473 1063 et
491 999 663 1083 Spiritusffl
693 999 814 1081 Sancti,
829 997 995 1063 uthebeas
1008 1000 1107 1063 vitam

58 1107 225 1185 ciem,
251 1111 285 1169 st
304 1106 393 1170 viras
410 1107 444 1170 in
465 1105 580 1171 sarcula
600 1104 798 1170 seculemm.
837 1105 872 1185 a).
906 1108 1016 1170 Amen.

225 1211 379 1275 Oremus.
802 1208 909 1272 Oratio

119 1336 211 1383 reces
224 1324 366 1398 nostras,
382 1335 561 1401 quassum
576 1317 731 1397 Demine‚
748 1317 919 1382 clementer
931 1316 1063 1392 ersendi,
1078 1318 1110 1379 et

77 1473 84 1480 .
121 1422 211 1486 hunc
223 1423 367 1487 Electum
380 1429 473 1488 tuum
484 1424 522 1485 N.
538 1424 647 1488 Crucis
660 1423 850 1502 Dominicis,
873 1421 963 1506 eujus
975 1422 1110 1504 impres·

62 1528 145 1592 siene
159 1545 238 1591 eum
252 1530 430 1610 ugnericus,
448 1529 564 1594 virtaitc
578 1527 722 1594 eustedi:
744 1534 780 1591 ut
795 1526 1021 1608 magnitaidinis
1036 1526 1110 1611 gle-

10 1686 13 1705 ,
62 1633 110 1697 rie
132 1638 200 1697 tue
222 1632 402 1698 rudimenta
422 1652 573 1725 mnam,
607 1652 666 1716 per
690 1633 867 1698 eustediam
892 1632 1112 1697 mandaterum

10 1738 15 1821 ξ
62 1739 191 1802 iseram
202 1735 247 1802 ad
259 1740 507 1820 regeneratienis
528 1739 661 1821 gleriam
681 1741 847 1823 pervenire
860 1741 1030 1803 mercetur.
1049 1739 1111 1803 Per

10 1824 13 1901 ἶ
63 1842 225 1909 Christum
241 1844 414 1909 Deminum
435 1851 593 1911 acerum.
630 1844 666 1923 ri·
699 1849 813 1911 Amen.

229 1949 257 2013 0
271 1951 388 2014 rernm.
804 1945 926 2008 Oratio.

59 2060 62 2065 ’
141 2073 221 2136 ears,
243 2059 300 2139 qui
315 2056 448 2121 harmini
465 2059 588 2140 generis
606 2059 652 2123 ita
674 2077 708 2122 es
728 2057 893 2137 cenditor,
912 2062 949 2121 ut
964 2057 1006 2121 sis
1019 2056 1115 2120 etiam

140 2159 355 2244 reiormetor‚
373 2164 548 2246 propitierc
567 2163 697 2248 pepulis
712 2162 893 2247 adoptivis,
913 2169 945 2226 et
964 2180 1051 2226 noro
1067 2168 1116 2226 te·

67 2265 221 2330 ramento
244 2266 389 2333 sebolem
411 2287 502 2333 novae
523 2269 623 2353 prolis
648 2268 813 2333 adscribe:
839 2274 876 2332 ut
897 2267 956 2332 iiiii
977 2266 1115 2351 promis·

67 2372 180 2452 sienis,
194 2372 285 2456 quod
297 2393 365 2439 non
377 2377 551 2458 potuerunt
564 2376 688 2458 essequi
702 2377 937 2458 perminimum,
959 2373 1117 2457 pendeant

70 2494 98 2539 ae
111 2479 271 2562 recepisse
285 2496 344 2562 per
357 2480 504 2562 gretiam.
527 2483 590 2545 Per
602 2480 762 2545 Christum
772 2480 944 2544 Deminum
958 2483 1114 2542 nostrum.

145 2593 164 2648 t.
195 2584 310 2649 Amen.
839 2592 843 2600 '

122 2608 210 2755 inne
235 2693 369 2774 imponit
390 2708 517 2753 manum
537 2706 629 2772 super
654 2693 747 2767 caput
769 2684 883 2751 Electi,
907 2689 937 2745 et
960 2682 1050 2745 dicit:

509 2795 535 2859 0
550 2795 665 2859 remus.

145 2898 347 2981 mnipotam,
359 2901 547 2983 sempiterne
561 2902 662 2979 Deus,
679 2902 772 2965 Pater
785 2899 912 2964 Demini
927 2899 1028 2962 nostri
1044 2898 1120 2962 Jesu

148 3004 287 3087 Christi,
303 3007 458 3088 respicere
476 3005 614 3088 digneris
632 3024 727 3090 super
749 3006 834 3070 hunc
853 3004 1008 3069 semulum
1028 3010 1120 3070 tuum

71 3112 97 3172 ii.
117 3156 128 3191 ‚
150 3129 251 3193 quem
272 3110 314 3176 ad
328 3110 505 3177 rudimenta
524 3110 601 3178 fidei
615 3115 731 3178 cocere
753 3112 901 3195 dignitus
921 3129 971 3175 es:
995 3129 1121 3176 omnem

76 3214 248 3280 meterem
265 3215 372 3282 cordis
391 3217 432 3281 ab
452 3236 492 3282 co
516 3218 653 3302 expelle:
681 3218 843 3300 dismimpe
863 3234 972 3281 omnes
990 3216 1122 3300 liquem

74 3321 213 3402 titane,
234 3321 351 3405 quibm
371 3324 475 3388 iaierat
497 3323 686 3407 colligitus3
717 3323 806 3407 iperi
828 3324 875 3403 ei,
898 3324 1046 3400 Demine,
1070 3321 1122 3406 je·

75 3445 167 3492 uuam
179 3429 958 3515 pictetistraoe‚utsign0sapientiaetuaeimbiitus,
981 3431 1123 3494 emnium

73 3531 286 3616 cupiditetum
304 3533 472 3599 foeterihus
492 3538 614 3616 cereat,
631 3541 663 3600 et
685 3534 727 3599 ad
745 3536 875 3599 suevem
895 3534 1027 3598 oderem
1045 3552 1124 3616 prae·

73 3637 240 3722 ceptemm
262 3639 392 3712 tuemm
410 3638 500 3704 lctus
521 3631 582 3704 tibi
606 3642 640 3705 in
659 3641 797 3705 Ecclesia
817 3646 872 3705 tus
892 3639 1068 3716 deserviat,
1091 3647 1125 3704 et

73 3741 223 3825 proficiat
240 3741 281 3808 de
298 3742 351 3809 die
369 3744 405 3808 in
421 3744 524 3827 diem,
547 3751 584 3810 ut
597 3745 730 3812 ideneus
744 3746 900 3810 efficietur
918 3744 1067 3810 accedere
1083 3743 1125 3809 ad

72 3849 208 3927 gratim
219 3849 373 3932 Baptismi
384 3850 449 3933 tui,
464 3853 615 3936 percepta
627 3851 790 3916 medicina.
805 3854 865 3915 Per
876 3849 1022 3914 eirmdem
1036 3847 1126 3912 Chri·

71 3957 155 4018 stum
174 3953 352 4020 neminum
371 3962 525 4021 nostrum.

126 4065 164 4144 ri.
202 4062 316 4124 Amen.
