2812 5070
324 651 385 716 ¹⁴⁶
684 681 807 745 Riittule
829 683 1019 745 Ronlanum.

371 773 522 846 &pulchra
531 770 732 844 sacerdotum,
745 774 954 834 etcleeiccrnm
964 756 1167 852 cuicunque
1177 776 1313 850 Ordinis,
1324 778 1371 838 niti

318 862 378 920 deri
392 870 483 935 potest
494 904 503 933 ,
515 879 531 919 a
542 863 697 936 sepulchris
714 862 851 922 iniectum
866 870 993 938 scpams
1010 866 1087 938 sint,
1102 882 1136 925 nc
1146 866 1301 928 decentim
1313 868 1371 928 icat

318 949 392 1018 sita;
406 958 489 1023 atquc
501 951 541 1007 itn
552 993 561 1020 ,
574 950 625 1008 ubi
642 950 821 1009 commodum
840 950 946 1021 inerit,
963 960 997 1010 ut
1014 953 1070 1012 alis
1088 970 1139 1028 pro
1158 954 1369 1026 Sacerdotibus,

318 1037 374 1095 aliu
392 1054 442 1112 pro
460 1037 599 1096 inferioris
618 1039 733 1098 Ordinis
752 1040 883 1099 Ecclesia
898 1041 1036 1100 ministris
1055 1051 1152 1116 piretu
1168 1044 1237 1102 sint

370 1126 525 1196 Sacerdos,
550 1135 600 1185 aut
622 1128 743 1201 cujusvis
764 1127 880 1187 Ordinis
903 1129 1028 1188 Clericus
1053 1129 1228 1203 dcfnnctus,
1251 1132 1369 1194 mutu

317 1217 376 1274 suis
396 1215 566 1290 quotidianis
583 1216 779 1277 communibus
795 1232 887 1292 usquc
902 1217 939 1276 ed
956 1217 1075 1278 nlerem
1091 1227 1196 1279 voetcm
1212 1221 1367 1292 inclusive,

317 1312 379 1363 tum
396 1303 604 1380 desuparsacre
623 1307 724 1366 testim
739 1304 1241 1384 &manutenementum
1257 1308 1368 1370 ordini

316 1395 363 1452 sui
381 1395 454 1454 ratic
477 1393 620 1468 deposcit,
640 1393 723 1454 indui
741 1393 834 1455 delict.
853 1393 989 1456 Ssccrdoe
1012 1395 1127 1472 quiden
1150 1412 1237 1473 snper
1255 1397 1367 1459 unm

316 1489 439 1554 vuum,
460 1483 586 1555 amictu,
605 1482 690 1553 eihs,
711 1482 844 1558 cingnic,
864 1484 1367 1560 menindic‚stcis,ctcssuis,sce

316 1568 428 1642 planete
446 1571 569 1631 vicisses
584 1573 623 1631 sit
639 1570 765 1631 indutus.

368 1660 512 1719 Diaccnns
522 1675 586 1719 vem
598 1660 733 1720 induetur
744 1661 868 1732 amictu,
881 1659 963 1731 eihs,
976 1661 1110 1736 cingulo,
1121 1662 1289 1738 tnsnipnic,
1299 1662 1366 1723 sicit

315 1761 400 1822 super
418 1747 566 1806 humemm
583 1748 749 1822 sinistrum,
767 1747 991 1824 quesumus
1010 1747 1122 1810 ωτι
1138 1758 1366 1823 numentum

315 1832 465 1893 dslmedcc
483 1835 613 1895 vicincca.

367 1922 662 1984 Subdisecnuseutem
672 1925 789 1996 entiam,
800 1925 876 1997 albe,
888 1925 1364 2001 singulmmnipnimcttnniccih

367 2011 426 2069 stit
445 2019 577 2086 presses
595 2011 761 2072 interiorum
779 2012 919 2073 ordinm
942 2013 1044 2073 Clerici
1063 2013 1267 2089 menuciiieec
1287 2030 1365 2089 nm

314 2109 417 2160 vestem
435 2101 552 2160 mlerem
571 2102 667 2161 cmsri
686 2099 811 2174 debent,
829 2102 934 2178 singuli
953 2101 1079 2177 pradtcn
1097 2118 1164 2162 cunt
1182 2109 1365 2175 summes

313 2188 409 2248 biretis
426 2191 496 2248 suis.

365 2279 485 2337 Nullum
501 2294 584 2352 porco
593 2277 710 2339 cadaver
719 2285 858 2353 pensem
872 2277 1023 2352 semum
1038 2275 1189 2348 nuditum,
1200 2293 1236 2336 ex
1251 2276 1311 2337 ulls
1321 2293 1366 2337 en·

309 2369 399 2442 Jusvis
418 2368 533 2427 Ordinis
551 2367 674 2426 Ecclesia
692 2369 826 2441 asportari
841 2367 942 2438 liceat,
957 2367 1014 2426 nisi
1031 2365 1067 2425 dc
1081 2365 1196 2424 liscum
1214 2365 1363 2426 ordinarii

363 2457 441 2513 Leici
464 2456 600 2525 cadaver,
621 2455 745 2529 quotibet
765 2455 895 2528 generis,
912 2462 962 2512 sut
978 2453 1126 2528 dignitatis
1136 2452 1224 2512 timlc
1234 2452 1365 2528 untedium

311 2548 360 2606 iile
377 2547 481 2616 fuerit,
503 2546 604 2604 Clerici
626 2561 663 2603 nc
678 2544 823 2614 deiciant,
843 2543 893 2602 sad
910 2542 985 2601 isici.

364 2638 485 2707 Corpore
502 2633 698 2691 detunctorum
714 2634 745 2690 in
762 2632 886 2690 Ecclesia
908 2630 1036 2705 ponenda
1051 2638 1120 2690 sunt
1138 2628 1259 2704 podium
1274 2644 1365 2689 tuns

311 2724 399 2782 alters
415 2722 524 2794 maius3
537 2722 581 2779 vel
592 2721 616 2779 si
627 2721 787 2780 conduntur
799 2721 829 2778 in
841 2720 978 2778 oratoriis
989 2761 999 2790 ,
1010 2725 1059 2778 aut
1068 2718 1207 2792 apellis,
1227 2726 1365 2793 ponantur

311 2828 377 2871 cum
397 2811 513 2885 pcdibus
532 2812 617 2869 versia
628 2809 665 2868 sd
675 2810 789 2868 iliarum
807 2808 925 2866 simiis:
944 2808 1019 2881 quod
1036 2807 1121 2865 etism
1133 2822 1185 2879 pm
1194 2806 1296 2865 situet
1306 2805 1365 2864 icce

310 2902 360 2961 iist
374 2903 404 2959 iu
422 2901 580 2974 sepulchro.
599 2899 753 2974 Prcabyteri
770 2914 833 2956 vere
850 2897 974 2956 habeant
990 2903 1075 2970 ceput
1090 2911 1188 2955 tessus
1204 2896 1305 2954 simne.

362 2991 491 3048 Cctcmm
510 3005 593 3046 nemo
613 2987 789 3046 christianus
801 2986 831 3043 in
844 2985 1043 3044 cummunione
1055 2983 1182 3042 iidciium
1199 2982 1362 3052 defunctam,

308 3086 385 3136 extra
402 3078 575 3147 Ecclesium,
593 3085 643 3134 eut
658 3075 847 3135 coemctcrium
867 3074 920 3131 rite
937 3071 1116 3131 benedictum
1130 3070 1247 3145 sepeliri
1266 3069 1362 3138 deiecta

308 3166 358 3225 sed
375 3169 400 3225 si
419 3168 569 3226 necessitas
580 3172 662 3239 coget
674 3181 706 3223 cx
717 3164 812 3237 ulique
831 3171 930 3221 eventu
947 3159 1101 3234 aliquande
1112 3157 1149 3218 sd
1164 3158 1363 3234 summaliter

308 3258 388 3324 iieri,
405 3266 535 3327 curetur,
553 3264 586 3314 ut
602 3264 740 3329 qusmnus
759 3253 817 3311 fleri
836 3255 957 3327 potent,
977 3267 1077 3325 corpus
1091 3252 1123 3308 in
1141 3250 1239 3308 lucum
1254 3263 1361 3310 nuum

308 3349 515 3420 quamprimum
539 3343 749 3411 transmeatum
769 3351 799 3400 et
816 3344 929 3400 interim
955 3357 1064 3414 semper
1084 3341 1158 3399 Crux
1181 3340 1268 3413 cupiti
1288 3337 1360 3397 iltius

308 3436 409 3508 apponi
427 3433 528 3503 debet,
546 3433 582 3490 ad
599 3430 813 3506 significandum
833 3431 915 3489 illum
933 3431 964 3487 in
985 3429 1096 3489 Christe
1112 3429 1262 3502 quietim.

438 3579 572 3653 QUIBUS
589 3579 665 3639 NON
683 3580 791 3639 LICET
811 3580 911 3638 DARE
933 3581 1242 3642 ECCLESIASTICAM

710 3670 965 3728 SEPULTURAM.

311 3839 453 3951 lgncrsrc
470 3891 528 3933 ncn
545 3875 628 3933 debet
646 3874 805 3944 Puteanus,
817 3874 867 3946 qui
877 3873 914 3931 cb
931 3872 1124 3931 ecclesiastiea
1142 3871 1289 3943 sepulture
1305 3870 1358 3942 ipsc

303 3966 368 4038 jnre
389 3972 457 4023 sunt
481 3962 666 4035 excludendi,
689 3979 725 4021 nc
748 3978 919 4036 quemquem
942 3961 978 4019 ed
997 3961 1076 4018 illem
1103 3967 1202 4018 centn
1223 3972 1358 4018 sscmmnt

305 4056 452 4111 canonum
471 4052 580 4111 decreta
598 4068 723 4125 unquam
741 4048 881 4109 admittat.

357 4142 481 4212 Negatur
492 4142 579 4214 igitur
592 4138 786 4198 Ecclesiastiea
796 4139 939 4212 sepulture
951 4137 1084 4211 paganis,
1100 4134 1225 4208 judicis,
1236 4141 1267 4195 ct
1276 4131 1359 4193 omn·

304 4228 359 4287 bus
378 4227 558 4297 iniideiihus3
577 4229 733 4297 hereticis,
753 4235 781 4286 et
798 4243 894 4286 comm
915 4225 1071 4285 fautoribus
1083 4244 1092 4294 ς
1105 4223 1243 4297 succutis
1255 4239 1273 4282 s
1283 4221 1357 4282 Citri-

304 4320 395 4376 adana
408 4316 462 4375 tide
473 4337 481 4387 3
493 4318 699 4386 schismaticis,
712 4325 740 4374 et
751 4315 871 4390 publicis
887 4314 1132 4375 excommunicatis
1144 4311 1246 4386 msJ'cri
1254 4324 1357 4371 neon·

305 4409 522 4473 municatione3
550 4406 706 4466 interdictis
730 4407 925 4475 nominatim,
947 4414 976 4463 et
999 4404 1061 4474 iis,
1084 4403 1136 4476 qui
1161 4402 1281 4462 suntin
1302 4399 1358 4469 icoc

305 4494 470 4564 interdicto,
491 4510 523 4554 cc
542 4492 668 4554 durante.
