2782 4696
295 258 339 324 oo
661 259 785 323 Ritusle
806 261 994 326 Romanum.

369 383 400 446 Si
415 380 522 466 plures
533 380 668 465 fuerint,
687 382 774 450 dicat
785 386 819 450 in
839 404 972 452 numero
993 386 1128 472 plurali:
1145 384 1350 468 Ingrcdimini

294 487 329 552 in
341 491 480 552 sanctam
495 484 666 552 Ecciosism
679 485 759 570 Dei,
776 492 839 552 etc.
864 499 897 558 et
908 493 1093 560 introducat
1109 515 1181 579 eos,
1197 502 1235 562 ut
1247 514 1354 585 supro.

369 594 410 658 Et
428 593 588 677 ingressus
607 593 757 679 Electus,
779 599 986 683 procumbit,
1006 620 1063 666 seu
1087 606 1263 687 prosternit
1277 606 1355 672 sein

253 701 259 714 ‘
303 699 515 785 pavimento,
538 707 572 764 et
591 701 715 767 edurat.
1263 721 1267 726 ’

370 806 491 870 Deinde
508 808 629 889 surgit,
648 815 680 873 ct
694 810 847 875 Sacerdos
858 811 996 896 imponit
1010 831 1140 879 msunm
1155 834 1253 901 snper
1266 823 1357 903 csput

305 911 394 995 ejus,
415 920 448 976 et
468 913 594 979 Electus
613 934 686 981 cnm
709 934 749 981 eo
770 918 883 986 recitat
903 919 1089 1004 symbolum
1111 925 1356 1008 Apostolorum,

305 1025 339 1083 et
361 1019 543 1085 Orationem
561 1021 771 1089 Dominicsm.

371 1127 420 1192 Its
438 1126 534 1193 etism
554 1129 582 1193 si
600 1127 709 1212 plnres
732 1129 873 1214 fuerim,
900 1149 1010 1202 omnes
1030 1142 1190 1221 snrgunt,
1213 1143 1246 1204 et
1267 1138 1358 1205 simul

306 1231 467 1298 recitant:
519 1255 525 1267 ·

299 1392 305 1402 .
392 1329 454 1397 cdo
466 1332 502 1396 in
514 1329 632 1414 mum,
649 1333 778 1398 Putrem
789 1328 1059 1417 omnipotentem,
1076 1329 1253 1397 creatorem
1263 1331 1352 1415 cmii,

373 1443 408 1504 et
428 1445 533 1504 terrm.
553 1439 593 1503 Et
612 1439 648 1503 in
663 1440 772 1504 iesum
790 1438 969 1521 Christum,
986 1439 1101 1504 Filium
1120 1436 1190 1523 ejus
1207 1438 1353 1520 unicum,

299 1545 474 1611 Dominum
493 1551 663 1611 nostrum:
687 1546 744 1630 qui
766 1548 941 1630 concoptus
957 1552 1006 1612 est
1023 1545 1065 1612 de
1084 1544 1203 1630 Spiritu
1220 1547 1353 1628 Suncto,

301 1657 396 1716 nstns
419 1669 459 1715 ex
479 1651 578 1716 diario
598 1649 755 1733 Virgine,
774 1669 885 1735 pessus
907 1650 967 1717 snb
987 1652 1104 1717 Pontio
1125 1651 1254 1732 Piloto,
1280 1669 1355 1716 oru-

302 1755 437 1839 ciiixus,
454 1757 621 1839 mortuus,
638 1762 671 1821 et
686 1756 852 1841 sepultus:
872 1756 1037 1823 descondit
1049 1754 1091 1821 nd
1104 1755 1245 1839 inferos,
1263 1755 1357 1821 tortis

303 1861 355 1928 die
387 1863 558 1928 resurroxit
584 1879 605 1928 s
630 1862 788 1928 mortuis:
811 1862 955 1929 escondit
980 1861 1022 1928 sd
1044 1862 1169 1944 cmlos,
1196 1861 1287 1928 sedet
1317 1859 1357 1926 sd

302 1965 465 2034 dexterum
485 1968 546 2033 Dei
566 1967 671 2033 Pstris
694 1969 943 2053 omnipotentis:
967 1967 1041 2035 inde
1064 1967 1218 2033 ventosne
1241 1972 1289 2033 est
1306 1965 1358 2052 ju·

305 2072 413 2141 dicore
440 2075 557 2157 uisos,
583 2079 616 2139 et
638 2074 797 2140 mortuos.
824 2074 928 2142 Credo
949 2076 984 2141 in
1004 2074 1157 2160 Spiritum
1181 2075 1355 2141 sunctum:

258 2238 261 2259 ,
302 2183 445 2245 sanctum
463 2179 636 2245 Ecclesium
650 2179 867 2263 (isthoiicum,
882 2181 1069 2247 sanctorum
1084 2179 1371 2261 communionem,

257 2291 263 2313 ‘¹
302 2283 522 2351 remissionem
546 2285 751 2370 poeoniorum
771 2331 781 2368 ,
808 2288 910 2352 curnis
940 2287 1233 2369 resurrectionem,
1262 2287 1359 2351 vitum

302 2390 463 2457 eternum.
487 2395 601 2457 Amen.

311 2501 438 2664 Potor
451 2503 560 2564 noster
574 2544 584 2581 ,
603 2500 660 2582 qui
670 2517 702 2565 es
715 2500 749 2564 in
764 2499 873 2581 omlis,
890 2499 1102 2566 mnctiiicotur
1115 2518 1232 2566 nomen
1247 2506 1357 2566 tuum:

369 2602 517 2670 udsonint
531 2622 665 2688 regnum
679 2612 771 2671 tuum
785 2625 794 2667 ι
811 2603 869 2669 iist
883 2606 1033 2671 voluntas
1046 2612 1101 2671 tnn
1114 2607 1196 2671 dont
1208 2607 1244 2671 in
1257 2605 1358 2688 ooelo,

304 2708 388 2774 etin
402 2715 500 2775 terro.
524 2712 644 2776 Panem
664 2717 811 2776 nostrum
833 2709 1056 2794 quotidionum
1071 2710 1113 2776 dn
1127 2710 1221 2777 nobis
1242 2709 1358 2793 hodie,

304 2820 337 2879 et
358 2813 482 2881 dimitte
508 2815 602 2882 nobis
631 2815 739 2882 dohits
765 2821 900 2898 nostru,
930 2816 1013 2881 sicut
1037 2822 1069 2881 ei
1089 2834 1151 2881 nos
1173 2815 1361 2881 dimittimus

306 2919 506 2988 debitoribus
523 2923 660 2989 nostris:
677 2929 711 2988 et
724 2941 765 2987 ne
780 2939 841 2987 nos
854 2920 986 2988 indricss
1003 2923 1038 2987 in
1056 2924 1287 2988 tentationem:
1305 2920 1361 2988 sed

303 3023 404 3092 libers
424 3045 485 3094 nos
504 3047 523 3093 s
545 3028 642 3094 mulo.
669 3031 781 3093 Amen.

377 3130 466 3198 runc
495 3151 605 3200 rursus
631 3134 782 3204 Sacerdos
807 3137 953 3226 imponat
983 3159 1113 3212 menum
1144 3164 1241 3233 super
1269 3156 1365 3236 ceput

312 3234 434 3322 Electi,
460 3245 492 3308 et
513 3239 623 3310 dicct:

733 3353 943 3423 Erorcismus.

393 3470 431 3517 ec
451 3458 485 3517 te
506 3451 607 3534 lutet,
629 3452 763 3534 Sitsns,
788 3453 951 3518 imminere
972 3452 1031 3518 tibi
1052 3471 1181 3536 poenns,
1199 3454 1363 3519 imminere

394 3557 456 3622 tibi
472 3559 631 3623 tormonte
641 3604 651 3640 ,
671 3559 834 3623 imminors
852 3557 912 3623 tibi
931 3557 1015 3624 diem
1033 3556 1169 3642 judicii,
1186 3558 1271 3624 diem
1284 3577 1363 3642 sup—

308 3661 397 3749 plicii
419 3664 626 3759 sempiterni-3
648 3664 758 3747 dem,
784 3666 841 3748 qui
869 3664 1022 3730 ventorus
1041 3671 1089 3730 est
1108 3665 1197 3730 velut
1222 3663 1364 3730 ciilsnnus

311 3770 449 3853 ardens,
472 3772 505 3837 in
528 3790 593 3856 qno
615 3770 701 3854 tibi,
726 3777 822 3856 utque
842 3772 994 3837 univorsis
1012 3771 1133 3854 ingelis
1152 3771 1216 3835 tuis
1236 3789 1363 3855 prmps·

309 3880 399 3943 ritus
416 3878 624 3962 sempitomns
643 3879 706 3943 erit
722 3879 879 3943 istor-itus.
901 3876 1062 3959 Proinde,
1081 3877 1250 3959 domnote,
1266 3883 1364 3961 utque

312 3983 513 4065 dnmnonde,
539 3983 580 4049 dn
598 3983 755 4050 honorem
777 3985 846 4050 Deo
868 3984 944 4068 sivo
967 3991 1000 4048 et
1020 4002 1120 4066 sero,
1144 3983 1187 4050 dn
1207 3983 1364 4048 honorem

311 4091 386 4156 Jesu
406 4089 531 4157 Christo
553 4089 635 4155 Filio
660 4088 751 4175 ejus,
775 4090 816 4157 dn
836 4091 992 4157 honorem
1013 4090 1143 4174 Spiritui
1163 4092 1280 4156 Snncto
1302 4092 1365 4154 Ps-
