2782 4696
415 343 456 403 m
483 340 747 405 Processionibus.
1043 339 1106 401 305
1179 382 1183 400 .

524 466 644 526 (trotio.

134 567 289 649 anobis,
314 584 492 651 quesumus
514 566 670 645 Domine,
699 564 840 650 plurium
862 566 1050 631 sntuttrem:
1076 572 1109 631 ot

137 670 259 739 ondam
281 677 374 737 tcrrae
392 671 505 737 idciem
527 670 653 735 fluentis
673 668 852 735 coeldstibus
869 670 1037 756 digndntor
1056 672 1108 737 in-

53 777 169 843 funde.
192 781 254 844 Per
277 777 467 857 Dominum,
492 784 554 841 otc.

127 884 164 959 it.
182 885 340 950 Dominus
363 884 542 950 uobiscum.

126 1001 164 1077 rt.
184 992 223 1053 ut
240 1008 312 1054 cum
335 991 449 1075 spiritu
466 996 536 1054 tuo.

127 1099 164 1170 s.
182 1095 411 1161 Benediodmus
430 1096 582 1160 deino.

130 1210 167 1287 nt.
185 1203 253 1266 Dco
276 1203 406 1284 gratiss.

129 1308 167 1378 d.
184 1307 338 1373 Exdudiot
361 1326 420 1371 nos
443 1308 644 1388 omnipotens
666 1311 698 1369 et
719 1305 899 1370 misericors
920 1306 1085 1372 Dominus.

130 1420 167 1497 ις.
186 1415 299 1478 Amen.

129 1517 166 1589 it.
185 1518 340 1584 Fidelium
366 1520 476 1583 dnimae
499 1536 556 1601 per
573 1516 821 1582 miscricordiam
839 1517 897 1582 Dei
915 1518 1111 1602 requiescam

60 1628 90 1690 in
113 1645 202 1712 poce.

129 1736 165 1809 u}
184 1733 293 1796 Amen.

415 1908 752 1989 PROCESSIO

327 2093 373 2159 id
396 2091 618 2175 postulandam
645 2095 855 2157 serenitatem.

467 2248 705 2307 ”m

63 2367 226 2535 Omnia
251 2463 351 2541 fiant,
376 2468 412 2525 ut
435 2480 531 2545 supra
546 2463 579 2526 in
600 2462 731 2527 Litoniis
754 2462 944 2543 timoribus,
969 2470 1001 2526 ct
1019 2466 1050 2527 in
1065 2464 1117 2527 Μ·

65 2575 222 2639 iuniorum
247 2569 394 2653 precibus
417 2569 466 2632 bis
489 2569 633 2634 dicutur:
662 2573 703 2636 Ut
724 2571 872 2637 fidelibus
887 2573 951 2636 tuis
967 2574 1048 2638 deris
1062 2591 1112 2636 sc·

59 2680 226 2743 renitttem
254 2676 427 2742 concddcre
450 2677 599 2759 digneris.
627 2678 670 2740 Te
694 2681 842 2760 rogdmus
858 2677 934 2742 andi
948 2696 1019 2742 nos.

131 2784 180 2847 nd
202 2781 295 2846 finem
318 2781 573 2844 obsecrationum
601 2780 734 2842 dicitur:
763 2785 857 2846 Potor
872 2783 991 2846 noster.

132 2888 168 2960 ir.
189 2893 228 2953 Et
251 2909 292 2953 no
314 2908 373 2953 uos
391 2889 525 2953 indricas
544 2890 577 2952 in
602 2889 818 2952 tentationem.

129 2999 168 3076 ed.
185 2995 247 3059 Sed
268 2995 369 3060 libera
389 3014 449 3058 nos
467 3013 485 3058 a
505 2993 600 3059 mulo.

486 3099 625 3162 Psulmus
650 3101 703 3159 ssss.

63 3211 224 3373 Deus,
248 3206 433 3271 miserettur
461 3207 582 3286 nostri,
610 3212 642 3269 et
662 3204 831 3269 benedicat
852 3203 971 3268 nobis:
1004 3203 1109 3269 ‘illu-

141 3313 239 3376 minet
260 3313 384 3377 vultum
405 3330 497 3378 suum
519 3330 615 3395 super
638 3329 716 3392 nos,
743 3318 774 3376 et
795 3311 979 3375 miserottur
994 3311 1108 3376 nostri.

134 3418 172 3480 tt
203 3419 431 3500 cognoscimus
456 3417 489 3480 in
513 3423 599 3481 terro
625 3417 709 3480 viem
733 3422 840 3479 tuom:
876 3415 934 3478 ‘in
962 3414 1110 3480 omnibus

59 3522 210 3602 gentinus
232 3523 368 3588 solutore
390 3531 491 3587 tunm.

130 3628 350 3694 confiteantur
376 3629 438 3692 tibi
466 3628 603 3712 populi,
636 3628 742 3693 Deus:
774 3629 782 3647 '
810 3626 1022 3692 confitctntur
1051 3624 1112 3690 tibi

59 3736 176 3820 populi
198 3753 318 3799 omnes.

132 3838 343 3906 intentaret
367 3840 509 3906 exultent
528 3847 658 3924 gentes:
690 3840 696 3853 ‘
722 3839 873 3924 quoniam
897 3834 1023 3920 judicas
1047 3853 1112 3918 po·

58 3947 156 4030 pulos
180 3946 214 4008 in
236 3945 404 4028 aequitdte,
428 3951 460 4010 et
484 3951 594 4029 gentes
619 3947 653 4009 in
680 3951 765 4009 term
790 3943 911 4028 dirigis.

130 4044 353 4116 confitetitur
375 4051 434 4116 tihi
458 4053 594 4136 populi,
615 4052 720 4132 Deus,
741 4048 951 4115 contitcdntnr
970 4049 1029 4115 tibi
1051 4050 1114 4134 po·

59 4155 129 4241 puli
143 4173 275 4222 omnes:
307 4154 315 4172 '
339 4163 427 4225 terro
448 4155 536 4224 dedit
555 4155 695 4221 fructum
716 4173 819 4221 snum.

777 4297 780 4303 ·
920 4261 963 4322 20
