2782 4696
292 243 356 291 vm

290 327 487 425 addendi,
524 357 661 411 verum
691 333 808 412 etiam
833 331 979 412 Nostro
1009 333 1116 412 ’ussu
1146 333 1189 412 in
1214 333 1344 413 lucem

292 435 524 532 emittendi,
553 439 749 517 licentiam
774 437 826 518 de
851 440 1005 545 Aposto
1021 440 1081 518 ica
1097 439 1345 547 benignitate

292 557 332 620 et
357 544 587 622 auctoritate
613 542 829 625 concedere
854 562 894 624 et
925 543 1129 651 indulgere
1160 543 1345 651 dignare-

292 676 407 726 mur:
437 649 520 727 Nos
538 650 672 758 itaque
687 651 814 758 probe
831 651 1021 744 scientes,
1042 666 1082 730 et
1102 650 1345 757 experientia

292 751 422 833 edocti
513 772 649 834 antum
683 758 833 863 prosit,
870 771 917 834 ut
948 756 992 833 in
1026 783 1110 834 uno
1142 755 1347 834 volumine

292 859 407 937 simul
433 783 595 940 collecta
621 860 672 940 ad
698 890 858 940 manum
883 860 962 939 sint
986 887 1032 939 ea
1057 861 1222 955 omnia,
1251 887 1345 968 quar

293 966 459 1071 sparsim
493 994 539 1045 ac
573 966 727 1045 divisim
756 969 943 1074 impressa
977 966 1266 1062 inveniuntur,
1306 979 1347 1044 et

292 1069 584 1150 considerantes
610 1088 798 1178 quantam
825 1067 1050 1151 hu'usmodi
1076 1070 1255 1150 collectio
1274 1071 1347 1147 uti·

291 1175 440 1254 litatem
466 1194 685 1256 memoratae
710 1176 860 1256 Scholae
912 1176 991 1254 'tur
1017 1176 1085 1254 icae
1103 1177 1145 1254 in
1165 1174 1252 1256 Coll
1306 1175 1345 1254 ‘o

291 1279 379 1360 Soc.
405 1281 497 1360 lesu
523 1280 695 1361 e'usdem
720 1283 829 1361 almae
852 1281 973 1360 Urbis
990 1204 1141 1360 bostrae
1168 1309 1191 1359 a
1217 1280 1283 1359 No
1313 1281 1348 1360 is

291 1387 496 1484 institutae,
516 1313 678 1571 aliinpue
690 1389 838 1495 ubique
855 1388 1033 1467 locorum
1044 1387 1183 1467 erectis
1200 1385 1347 1465 afferre

292 1493 443 1599 possit3
473 1494 623 1600 Aposto
639 1495 698 1572 ica
728 1493 973 1572 Auctoritate
1006 1509 1145 1572 tenore
1169 1516 1347 1598 praesen-

292 1599 392 1676 tium
426 1599 700 1678 communibus
735 1616 796 1678 tot
830 1598 1044 1720 insignium
1082 1598 1272 1675 Virorum
1298 1622 1347 1675 ac

292 1704 506 1783 Praesulum
531 1705 633 1784 votis
659 1720 699 1783 et
716 1702 1070 1826 supplicationibus
1086 1702 1261 1807 benigne
1280 1728 1348 1779 an·

291 1826 485 1904 nuentes‚
514 1811 736 1890 facultatem
762 1809 972 1888 trrbuimus
997 1823 1039 1888 et
1067 1807 1344 1915 impertimur,

292 1931 338 1992 ut
363 1916 518 1994 Rituale
542 1918 785 2010 Romanum,
822 1913 1101 1994 caeremoniale
1126 1912 1348 2020 Episcopo-

291 2046 406 2113 rum,
435 2047 481 2099 ac
500 2021 727 2100 Pontificale
742 2023 963 2100 Romanum
977 2019 1052 2099 sub
1068 2017 1205 2097 iisdem
1221 2015 1347 2097 modo

292 2141 333 2204 et
356 2125 509 2223 forma,
545 2127 692 2233 quibus
725 2125 775 2205 de
808 2125 993 2233 praesenti
1021 2126 1208 2231 impressa
1236 2148 1348 2229 repe·

291 2230 472 2325 riuntur,
497 2248 537 2310 et
553 2233 644 2309 usui
660 2247 774 2326 sunt,
806 2259 887 2308 una
913 2230 1028 2308 simul
1051 2257 1141 2308 cum
1158 2226 1347 2308 omnibus

292 2351 333 2413 ct
366 2336 557 2443 singulis,
590 2365 680 2444 quae
712 2353 758 2415 ut
792 2337 972 2443 superius
1003 2336 1170 2415 relatum
1196 2348 1283 2429 est,
1321 2360 1347 2412 a

291 2440 418 2520 Nobis
427 2442 669 2549 praescripta,
684 2440 881 2541 ordinata,
900 2458 941 2521 et
952 2441 1103 2549 publici
1116 2441 1233 2519 etiam
1242 2437 1347 2546 juris

291 2547 394 2626 facta
429 2565 548 2644 sunt,
584 2575 742 2628 necnon
772 2575 863 2626 cum
897 2544 1128 2654 saepedicta
1155 2541 1346 2624 methodo

290 2650 442 2733 Scholae
467 2653 677 2733 Sacrorum
701 2654 865 2733 Rituum
891 2653 934 2730 in
959 2652 1163 2759 Operibus
1189 2648 1346 2728 Nostris

287 2758 369 2864 jam
387 2757 502 2838 editis
518 2760 665 2838 inserta
674 2760 785 2868 jussu
800 2758 970 2856 Nostra,
990 2783 1073 2836 non
1092 2753 1347 2836 obstantibus

292 2863 607 2969 quibuscumque
625 2866 667 2943 in
685 2865 925 2944 contrarium
949 2863 1210 2956 facientibus,
1235 2859 1348 2968 typis

292 2970 632 3076 comprimantur,
662 2987 702 3049 et
725 2972 769 3048 in
795 2971 920 3049 lucem
946 2969 1186 3048 emittantur.

407 3183 551 3259 Datum
584 3183 717 3259 Romae
752 3180 859 3287 apud
893 3180 933 3258 S.
963 3178 1125 3258 Mariam
1155 3178 1347 3286 Majorem

294 3287 369 3365 sub
397 3286 559 3366 Annulo
584 3288 791 3365 Piscatoris
817 3285 882 3365 die
907 3286 1035 3364 XXV.
1065 3285 1195 3364 Martii
1222 3285 1350 3365 Anno

294 3392 518 3472 MDCCLII.
548 3394 802 3473 Pontificatus
825 3393 958 3473 Nostri
985 3420 1091 3471 anno
1118 3391 1207 3470 ΧΗ.

909 3821 1066 3897 Cajetauus
1087 3818 1223 3878 Areatas.
