2782 4696
572 378 874 457 ORllO.

225 593 795 690 (ΖΟΜΜΕΝΒΑΤΙΟΝ
799 596 863 687 IS
888 592 1141 690 ANIMAE

482 849 487 858 .
550 808 816 866 ”ww

156 924 365 1088 parochus
389 1012 428 1076 ad
452 1010 632 1076 decedentis
656 1013 768 1075 animan
790 1012 1096 1077 commendationem
1119 1034 1211 1079 acee-

165 1120 256 1201 dens,
271 1120 428 1184 clericum
443 1119 552 1182 saltem
569 1136 684 1198 unum,
699 1120 725 1182 si
741 1111 869 1201 potest,
886 1138 992 1183 seeum
1008 1119 1139 1201 haheat,
1156 1124 1211 1205 qui

168 1227 281 1291 deferat
294 1226 457 1290 vasculum
470 1226 570 1307 Aquae
582 1224 776 1304 benedicta,
792 1226 1074 1308 superpelliceum,
1093 1233 1126 1290 ot
1140 1234 1210 1292 sto-

169 1332 223 1395 lam
243 1332 436 1410 violaceam,
461 1330 577 1414 quibus
598 1332 666 1414 ipse
687 1331 841 1395 Sacerdos
857 1338 929 1395 anta
943 1331 1060 1396 infirmi
1074 1332 1209 1396 cubicu-

172 1441 227 1504 lum
247 1438 395 1519 indutus,
420 1437 526 1502 locum
545 1438 746 1520 ingrediens,
771 1437 875 1502 dieat:
899 1450 963 1514 pn
984 1447 1060 1514 huic
1076 1446 1207 1533 damni,

173 1557 352 1622 stammam
373 1555 591 1623 narranaam
614 1556 647 1622 n
668 1575 718 1622 a.
738 1543 859 1608 Deinde
875 1551 1209 1628 apargatagronm,

176 1652 293 1731 lectum,
319 1657 351 1715 ct
373 1650 611 1715 circumstantes
632 1653 726 1735 Aqua
747 1649 932 1733 benedicta,
948 1651 1072 1715 diecns:
1089 1662 1207 1746 Aspar.

178 1784 219 1848 gas
237 1788 300 1852 me,
325 1770 480 1853 Domine,
504 1770 665 1855 hyssopo,
690 1775 722 1834 et
743 1768 944 1851 mundabor,
967 1775 1030 1833 etc.

228 1866 338 1928 Postea
348 1865 518 1928 salvatoris
531 1864 631 1930 nostri
645 1863 792 1929 crncifixi
803 1865 973 1946 imaginem
983 1870 1104 1945 aegroto
1117 1882 1210 1928 oscu-

183 1967 285 2034 landam
307 1970 471 2053 prabeat,
495 1970 601 2035 serbis
623 1970 804 2036 efficacibus
826 1988 899 2036 eum
921 1968 962 2035 ad
984 1988 1072 2053 spem
1089 1977 1212 2035 aeterna

184 2076 268 2140 sallitis
288 2079 435 2160 erigens,
459 2079 622 2160 ipsamque
645 2079 812 2159 imaginem
834 2095 942 2140 eoram
964 2095 1004 2140 eo
1027 2084 1152 2159 ponat,
1177 2084 1213 2140 ut

184 2179 245 2247 illam
266 2185 443 2268 aspiciens,
467 2184 575 2248 salutis
598 2202 660 2247 suaa
684 2203 774 2267 spem
794 2189 909 2247 sumat.

229 2290 348 2357 Deinde
361 2309 490 2355 accensa
502 2291 649 2373 candela,
665 2290 798 2373 genibus
811 2291 899 2354 flexis
909 2309 982 2354 oum
993 2290 1141 2356 omnibus
1154 2291 1214 2354 cir-

183 2397 510 2464 umstautibusbresos
519 2398 656 2462 litanias
666 2396 780 2463 devoto
791 2399 916 2478 recitet,
930 2398 962 2460 in
971 2397 1056 2463 lmne
1067 2397 1209 2462 modum.

178 2501 309 2700 Kyme
329 2614 460 2680 eleison.

177 2713 282 2785 ttrism
304 2720 435 2785 eleison.

175 2819 255 2906 licie
276 2825 408 2891 cle'ison.

173 2929 267 2997 *θυαε
289 2933 400 2996 Marta.
982 2929 1047 2995 Ora
1068 2948 1129 3014 pro
1152 2946 1204 2994 eo.

173 3034 275 3105 Omnes
296 3040 401 3104 Sancti
424 3038 556 3122 angeli,
581 3045 612 3104 et
632 3038 843 3123 Archangeli,
955 3039 1044 3102 cutte
1066 3024 1137 3121 pro'
1151 3053 1202 3099 eo.

173 3141 267 3210 *θυαε
288 3144 391 3226 Abel,
678 3228 683 3239 ι
1136 3161 1203 3207 ora.

173 3248 267 3316 tama
289 3251 409 3318 ehorus
423 3254 609 3336 iustorum,
1136 3267 1204 3314 ora.

174 3352 269 3422 *θυαε
291 3357 476 3441 Abraham,
1134 3375 1203 3421 ora.

176 3455 265 3527 *θυαε
286 3465 428 3531 loannes
450 3467 610 3552 Baptista,
1134 3478 1203 3525 ora.

178 3563 268 3633 *θυαε
290 3572 425 3655 loseph.
1133 3584 1202 3630 om.

181 3667 275 3741 dunas
297 3679 402 3744 Sancti
424 3680 632 3760 Patriarchoe‚
657 3686 690 3744 et
711 3677 901 3761 Propheta,
1100 3673 1202 3736 orato.

183 3774 269 3846 *θυαε
291 3786 399 3867 Ραυε,
1134 3795 1201 3841 ora.

185 3878 266 3951 *θυαε
286 3890 403 3972 ΡυυΙε,
1133 3900 1202 3945 ora.

188 3986 270 4058 *θυαε
290 3996 433 4079 tumea,
1135 4005 1202 4051 ora.

192 4090 273 4164 *θυαε
293 4103 441 4172 loannes.
1132 4109 1201 4156 ora.
