2782 4696
335 265 381 326 lle
404 266 601 327 sacrameto
625 267 828 327 rontinentia.
1072 251 1109 316 7¹

109 369 141 427 Si
153 370 289 444 penitens
300 384 449 428 numerurm
460 410 469 438 ‚
482 377 510 427 et
519 369 641 444 species,
654 378 683 427 et
695 368 919 427 circumstantias
938 377 1114 443 pcccatorum

54 457 196 530 explicatu
214 458 382 516 nmmas
397 474 455 516 non
475 459 657 539 expresserit,
673 471 738 515 cum
756 455 890 514 Sacerdos
907 455 1059 529 prudenter
1069 458 1115 515 in·

108 631 166 691 Sed
183 642 296 705 careat,
312 651 348 693 ne
359 634 494 705 curiosis,
507 643 556 693 aut
568 633 717 692 inutilibus
735 632 999 708 interrogationibus
1016 649 1115 709 quem

56 737 145 795 mam
170 722 312 793 detineat,
334 725 495 798 praesertim
516 724 643 799 juniores
664 723 809 796 utriusque
833 738 936 792 serus,
954 723 998 780 vel
1020 722 1114 795 alios,

57 809 92 867 de
112 827 167 881 co,
189 812 266 887 quod
287 814 441 886 ignorant,
463 812 654 886 imprudenter
672 812 869 884 interrogans,
894 826 938 868 neo
947 809 1115 871 scandalum

58 898 222 971 potiantur,
243 900 363 974 indeque
378 917 490 976 peccare
508 900 627 959 discunt.

109 989 255 1056 Demeam
281 987 377 1047 audita
403 989 604 1058 confessione,
628 985 800 1061 perpendens
828 993 1026 1060 peccatorum,
1051 1003 1116 1062 quer

58 1072 105 1132 ille
122 1073 261 1146 admisit,
282 1076 522 1150 magnitudinem,
541 1092 575 1133 ac
595 1074 823 1144 multitudinem,
845 1090 894 1147 pro
912 1090 1009 1132 eorum
1027 1075 1116 1148 gravi·

56 1169 133 1232 tate,
154 1179 188 1220 ac
208 1165 370 1238 poenitentis
388 1164 548 1236 conditione
559 1205 567 1232 ,
578 1170 749 1237 opportunas
768 1163 954 1235 correptiones
972 1178 1004 1219 ac
1023 1163 1115 1222 moni·

58 1250 170 1322 nones,
197 1260 281 1326 prout
302 1269 374 1327 opus
393 1269 453 1312 esse
473 1252 592 1320 viderit,
612 1261 726 1326 paterna
749 1251 883 1308 charitate
903 1250 1067 1322 adhibebit,
1087 1260 1117 1311 et

56 1337 92 1395 ad
104 1337 233 1397 dolorem
250 1348 280 1399 ct
296 1342 493 1399 contritionem
513 1339 672 1398 efficacibus
689 1339 779 1396 verbis
796 1339 933 1396 adducere
950 1338 1114 1411 donabitur,

57 1432 142 1500 atque
163 1425 303 1486 advitam
318 1427 521 1487 emendandam
539 1443 573 1485 ac
592 1427 693 1485 melius
713 1426 913 1484 instituendam
934 1426 1050 1486 inducet
1070 1445 1115 1487 re·

59 1512 208 1588 mediaque
228 1523 403 1589 peecatorum
422 1515 523 1574 tradet.
1004 1527 1007 1533 ·

107 1602 422 1662 commonitorem
439 1611 469 1661 et
487 1603 695 1661 conuenientem
719 1601 955 1672 mtisfactioncm,
976 1610 1115 1677 quantum

58 1689 174 1761 ιρήω
186 1697 216 1746 et
226 1689 374 1764 prodentia
390 1692 597 1766 suggesserint,
609 1690 739 1765 injungat
750 1733 759 1759 ,
772 1691 867 1749 habita
885 1693 993 1749 rabone
1010 1699 1113 1760 stams,

59 1775 249 1847 mnditionis,
266 1793 368 1849 sexus,
382 1787 413 1838 et
428 1780 539 1849 ends,
559 1788 588 1838 et
605 1780 673 1838 item
695 1778 885 1853 dispositionis
907 1780 1113 1853 poenitentium.

60 1863 235 1940 iidemque,
253 1881 290 1924 ne
306 1882 358 1940 pro
376 1867 496 1941 pecmtis
512 1867 642 1941 gravibus
662 1868 814 1926 levissimas
832 1869 1008 1941 ponitentiae
1025 1867 1115 1941 impo-

60 1960 127 2022 nat,
146 1968 184 2010 ne
202 1953 229 2011 si
246 1953 317 2012 torte
336 1953 457 2027 peccatis
475 1956 640 2024 connivent,
661 1955 816 2012 alienorum
836 1963 1010 2028 pennatorum
1029 1955 1116 2026 parti-

61 2054 123 2114 ceps
139 2039 289 2099 efficiebar.
311 2041 344 2099 ld
360 2058 425 2100 sero
441 2050 507 2101 ente
525 2042 622 2102 corios
643 2042 762 2112 babeat,
783 2052 817 2101 ut
834 2043 986 2101 satisfactio
1003 2058 1060 2100 non
1078 2042 1116 2102 sit

62 2133 170 2186 tantm
186 2125 225 2187 ed
240 2129 399 2189 eorunm
415 2129 589 2200 remedium,
611 2138 640 2188 ct
658 2129 829 2189 infirmitatis
856 2130 1113 2202 medicamentum,

61 2213 107 2273 ted
124 2216 213 2275 fflam
230 2215 267 2275 ad
283 2218 486 2291 preteritorum
504 2227 680 2291 peccatorum
701 2219 920 2292 castigationem.

108 2303 207 2378 Quare
223 2312 324 2376 curet,
339 2313 477 2380 qnantum
495 2305 554 2362 fleri
572 2313 680 2379 potest,
698 2315 731 2364 ut
749 2305 901 2364 contrarias
922 2305 1041 2379 peccatis
1059 2321 1116 2380 pte·

63 2390 193 2450 uiteutias
210 2390 359 2467 inJ‘ungat,
376 2393 463 2452 veluti
480 2395 569 2452 avaris
585 2393 792 2470 eleemosynas,
812 2393 970 2452 libidinosis
984 2395 1113 2468 jejunia,

64 2479 101 2536 rel
112 2479 184 2538 alias
203 2481 296 2539 carnis
313 2479 493 2550 afflictiones,
514 2482 641 2553 superbis
659 2481 827 2539 humilitatis
843 2481 949 2550 cilicia,
968 2479 1115 2540 desidiosis

63 2564 215 2626 denotionis
240 2568 344 2627 studia.
367 2571 470 2627 Rarius
491 2578 583 2627 eutem
604 2570 753 2627 miserius
780 2570 976 2627 confitentibus
995 2611 1004 2639 ,
1023 2569 1066 2626 vel
1083 2569 1115 2627 in

64 2663 170 2727 moesta
184 2654 267 2713 facile
277 2656 485 2729 recidentibus,
498 2657 680 2715 utilissimum
701 2656 786 2715 fuerit
802 2658 946 2715 consulere
958 2697 966 2724 ,
979 2665 1012 2713 ut
1024 2671 1113 2729 supe,

65 2753 124 2815 putta
140 2744 231 2803 semel
248 2746 279 2802 in
299 2762 394 2804 mense
405 2788 415 2817 ,
428 2746 471 2803 vel
483 2747 566 2805 certis
581 2745 679 2803 diebus
699 2745 891 2816 solemnibus,
913 2745 1112 2816 confiteantur,

64 2832 126 2890 etsi
142 2830 290 2905 expediat,
309 2833 525 2892 communicent.

110 2918 294 2977 Poenitentias
304 2921 476 2995 pecuniarias
488 2921 541 2979 sibi
554 2921 620 2995 ipsis
635 2921 800 2979 Confessarii
819 2937 875 2978 non
894 2920 1053 2994 applicent,
1066 2936 1115 2978 ne·

65 3022 147 3079 quea
163 3008 365 3082 poentundbue
391 3009 543 3084 quidquam
571 3018 713 3084 tamquam
742 3009 890 3067 ministerii
907 3011 950 3067 sui
968 3010 1115 3084 prtemium

66 3103 176 3170 pmnt,
196 3096 240 3155 rel
257 3096 405 3170 meipient.

109 3186 163 3243 Pro
184 3184 305 3259 peccatis
321 3185 456 3257 occultis,
468 3185 646 3260 quantumvis
663 3186 812 3259 gravibus,
827 3185 1004 3244 manifestam
1022 3185 1115 3260 poeni·

68 3275 176 3331 turcam
196 3289 256 3332 non
273 3273 406 3349 imponat.
664 3343 668 3354 Ι
708 3264 710 3268 '

111 3359 213 3419 Videat
233 3368 326 3420 autem
346 3361 495 3437 diligenter
521 3355 676 3431 Sacerdos,
697 3362 830 3435 quando,
850 3372 878 3420 et
895 3362 996 3438 quibus
1020 3361 1114 3420 conie-

68 3448 164 3520 tenda,
183 3450 229 3508 rel
252 3450 436 3527 deneganda,
454 3451 497 3509 rel
518 3447 731 3509 differendn'stt
756 3450 917 3519 absolutio,
936 3467 972 3508 ne
989 3446 1116 3508 absolvat

68 3548 127 3609 tet,
138 3539 191 3614 qui
204 3539 270 3598 talis
280 3538 408 3598 muedcii
421 3548 489 3597 sunt
499 3542 644 3613 incapaces
657 3557 663 3595 :
685 3541 782 3613 quales
801 3547 868 3597 sunt
883 3541 932 3614 qui
950 3539 1030 3596 nulla
1045 3539 1115 3596 dant

12 3650 15 3659 ·
69 3625 139 3699 dosa
163 3626 292 3697 doloris,
314 3630 365 3703 qui
382 3627 446 3687 odia
466 3638 494 3687 ct
514 3629 675 3686 inimicitias
695 3628 833 3702 deponere
853 3671 861 3697 ,
881 3637 930 3685 aut
951 3628 1043 3685 aliena
1059 3668 1076 3696 ,.
1090 3627 1114 3684 ai

12 3718 16 3759 :
70 3723 195 3787 mount,
214 3716 377 3786 rubuere,
400 3725 450 3775 aut
466 3717 618 3793 proximam
637 3716 769 3788 peccandi
788 3717 962 3773 occasionem
986 3714 1114 3787 deserere

12 4038 20 4071 l

71 3803 179 3862 aetaiio
193 3802 277 3862 modo
296 3814 406 3879 peccata
425 3804 632 3878 derelinquere,
651 3812 680 3873 ct
696 3805 780 3861 uitam
798 3804 829 3861 in
848 3804 948 3861 melius
965 3800 1115 3865 emendare

72 3889 177 3948 notem:
197 3900 249 3949 aut
264 3893 315 3968 qui
339 3892 481 3966 publicum
502 3864 845 3964 scandalum‘dcderunt,
865 3893 920 3948 nisi
939 3886 1114 3965 publicemu-

12 4004 19 4033 ·.
72 3974 217 4051 liifaciant,
238 3988 268 4038 ct
283 3980 447 4040 scandalum
465 3981 584 4039 tollent:
604 3995 695 4054 neque
712 3972 796 4040 ctiam
814 3996 861 4038 cos
879 3978 1021 4048 absolvat,
1045 3993 1116 4052 quo·

72 4077 120 4122 mm
137 4075 252 4142 peccata
267 4075 335 4129 sunt
351 4068 545 4144 Superioribus
567 4075 713 4127 reservata.
