2782 4696
302 255 350 319 3⁴3
662 264 788 329 llitueie
808 267 998 331 Romanum.

372 387 412 452 Et
423 387 571 453 Petrinus
582 405 654 452 oum
667 388 783 473 pollice
795 391 899 473 signet
911 390 1048 456 Electum
1065 390 1099 454 in
1112 388 1218 455 ironte
1231 389 1353 456 dicens:

300 483 340 550 lu
363 481 691 568 numinensium
710 482 805 568 Filii,
828 489 861 550 et
877 483 1011 571 Spiritus
1030 485 1153 564 suncti
1200 512 1202 517 ¹
1275 570 1278 574 λ

370 599 411 662 Et
432 599 586 664 Sacerdos
604 599 682 665 fecit
707 602 827 685 puriter
848 602 973 686 signum
995 602 1105 668 Crucis
1120 604 1153 668 in
1167 602 1276 669 fronte
1292 604 1356 689 ejus

305 697 488 769 dieens21n
509 694 780 780 domucensis,
803 690 949 780 curun,
971 700 1005 763 et
1030 693 1167 783 Spiritus
1188 695 1307 763 Sancti.

371 808 494 875 Deinde
510 810 663 878 Sacerdos
676 813 813 898 imponit
826 831 954 880 manum
965 832 1062 900 super
1075 813 1314 900 ceputElectae‚
1326 824 1354 882 ct

306 913 401 980 dicit:
989 917 990 920 ’

481 1014 628 1087 θύω·
1056 1025 1181 1091 Oratio.

382 1115 1353 1202 munrnm,neostouc,oeustcoon,neus,qu

437 1225 487 1310 yui
507 1224 629 1291 iimulo
650 1230 708 1290 tuo
723 1225 760 1290 in
783 1229 893 1290 monte
909 1223 995 1291 Sinni
1006 1221 1200 1309 uppemisu‘,
1222 1227 1259 1288 et
1273 1219 1353 1288 filios

301 1330 402 1398 Isrsel
414 1329 455 1397 de
464 1335 550 1396 terre
560 1331 692 1415 Aegypti
703 1329 861 1414 eduxisti,
876 1328 1033 1415 deputent
1045 1329 1092 1395 eis
1109 1327 1271 1413 Angelum
1285 1326 1353 1413 pio·

301 1437 378 1502 titis
397 1442 479 1518 tue,
503 1436 561 1520 qui
579 1435 757 1502 custodiret
780 1433 927 1518 eosdie,
951 1453 991 1502 oc
1010 1440 1123 1502 nocte:
1147 1440 1204 1517 te,
1228 1449 1351 1519 quau·

303 1559 396 1624 mus,
411 1541 567 1625 Domine,
583 1542 758 1609 utnuitteue
769 1541 909 1626 dignuin
928 1547 1072 1608 scnotun
1091 1539 1251 1625 Angelum
1264 1546 1352 1606 tuum

304 1647 346 1715 de
364 1648 469 1732 eoelis,
487 1647 1351 1735 qnisimssitercusoddistethuncftmutomtuumn.,

303 1760 337 1821 et
360 1751 515 1840 perducet
532 1772 609 1820 eum
632 1754 675 1822 cd
688 1755 832 1840 pretium
851 1753 1006 1840 Bcpiiuui
1028 1753 1091 1820 tui.
1114 1754 1178 1819 Per
1196 1752 1351 1820 chrisme

301 1861 474 1928 Dominum
496 1867 653 1929 noenum.
687 1873 725 1954 ni.
739 1863 854 1929 Amen

372 1970 526 2037 Sacerdos
550 1975 646 2038 tertio
668 1974 746 2039 dicit
765 1974 897 2039 Eleotae:
975 1967 984 1984 '

368 2079 454 2161 Oro,
478 2077 600 2161 Electa,
623 2078 717 2144 flecte
741 2068 861 2162 geum,
878 2080 912 2143 et
930 2075 1001 2143 dic:
1021 2076 1115 2143 Peter
1135 2077 1257 2142 noctu.

373 2182 480 2247 Electa
499 2198 582 2264 genu
606 2183 688 2249 ilexo
708 2193 795 2266 orat,
818 2193 851 2250 et
869 2185 963 2251 dicit:
975 2183 1072 2249 Potor
1084 2185 1208 2247 noster.
1229 2187 1268 2251 Et
1287 2201 1350 2250 con

208 2305 211 2311 ·
308 2283 542 2372 dircrit'usque
565 2288 606 2354 ad
626 2286 689 2354 Sed
708 2287 811 2355 libers
832 2306 930 2356 noso
950 2287 1052 2372 mulo,
1087 2290 1259 2372 inclusive,

374 2393 525 2458 Sacerdos
540 2393 636 2458 dicit:
654 2394 761 2478 Leve,
779 2395 906 2480 comple
918 2392 1097 2461 orationem
1109 2397 1220 2476 meur,
1240 2394 1275 2457 ct
1288 2387 1346 2457 dict

303 2500 419 2568 Amen.
992 2554 995 2559 .

374 2606 481 2670 Riecte
502 2623 634 2689 surgens
655 2607 847 2689 respondet:
866 2610 981 2674 Amen.

374 2711 528 2777 Sacerdos
551 2712 630 2778 dicit
651 2714 916 2798 PatrinorSigne
935 2731 1015 2780 um.

374 2818 496 2884 nenne
509 2803 736 2884 estnec:
760 2819 897 2886 seue.

376 2927 415 2987 Et
424 2926 573 2990 Petrinus
582 2928 687 3010 signet
695 2945 768 2990 eum
778 2927 896 3008 pollice
906 2927 1044 2991 Electum
1053 2927 1086 2991 in
1097 2926 1220 3009 fronte,
1233 2925 1349 2992 dicente

305 3029 344 3096 1n
365 3028 494 3096 ndmine
516 3030 641 3111 Petris,
667 3035 702 3096 et
725 3029 811 3111 iiiii,
839 3036 873 3095 et
893 3030 1028 3116 Spiritus
1050 3028 1166 3095 Scucti.

377 3136 417 3198 lit
433 3135 585 3200 Sacerdos
607 3139 725 3220 pariter
747 3137 824 3201 iecit
842 3138 967 3219 signum
989 3138 1098 3202 Crucis
1117 3139 1151 3204 iu
1171 3136 1281 3203 fronte
1293 3134 1353 3220 ejus

312 3238 438 3304 dicens:
458 3240 644 3306 innomine
665 3241 783 3324 Petris,
806 3246 840 3306 et
859 3239 953 3324 Filii,
971 3247 1005 3306 et
1024 3239 1158 3324 Spiritus
1180 3238 1299 3306 smotn

377 3345 499 3409 Deinde
525 3348 661 3430 imponit
683 3367 809 3414 monum
833 3368 928 3434 super
952 3349 1190 3434 ceputdleotae,
1214 3354 1248 3414 et
1261 3347 1353 3413 dicit:

731 3506 942 3573 Exoroismus.
1004 3558 1009 3570 .

378 3659 506 3725 xoroieo
530 3665 583 3743 te,
602 3658 765 3726 immunde
785 3660 930 3746 spiritus,
956 3678 1015 3746 per
1033 3662 1161 3728 Patrem
1187 3673 1243 3744 sp,
1258 3659 1355 3728 criti

380 3763 459 3828 lium
489 3777 545 3847 »1«,
569 3769 603 3829 et
624 3765 777 3850 Spiritum
799 3768 1013 3849 dissuetum,
1034 3770 1072 3832 ut
1088 3763 1200 3849 exous,
1221 3765 1355 3833 etmed-

310 3869 366 3935 des
384 3869 425 3935 eb
438 3870 500 3936 hec
524 3871 642 3937 idmulu
663 3873 721 3944 Dei
749 3877 789 3942 N.
808 3874 882 3959 Ipso
904 3876 989 3938 enim
1008 3871 1069 3938 tibi
1088 3872 1241 3958 imperet,
1263 3868 1358 3936 mule·

309 3974 394 4040 dicte
415 3975 581 4059 mette,
605 3977 663 4062 qui
681 3996 768 4045 eoeco
788 3984 865 4045 neto
884 3978 998 4045 deuios
1010 3978 1156 4064 operuit,
1177 3982 1211 4045 et
1234 3973 1357 4063 queui-

310 4081 451 4148 dutnum
471 4084 623 4152 uenum
647 4083 689 4151 de
711 4083 918 4159 monumento
934 4085 1107 4155 sununs.
