2782 4696
347 301 394 364 De
416 300 628 368 exorcizandis
653 300 785 367 obsessis
808 323 826 367 a
850 303 1017 372 demonio.
1145 300 1209 363 329

150 440 224 486 rum
248 422 360 487 ortona
381 422 590 506 constringit,
618 424 778 490 miseritio
804 432 867 490 tua
888 426 1015 510 piatttis
1037 425 1212 490 alemonter

150 527 310 593 absolvat.

237 635 341 700 omine
362 642 490 717 saneto,
514 636 608 701 Pater
630 637 859 721 omnipotens,
884 638 999 702 aetorna
1015 639 1120 717 Deus,
1144 638 1209 703 Pa-

234 746 284 804 ter
306 740 435 806 Domini
451 741 554 807 nostri
570 742 647 806 Jesn
666 742 799 824 Christi3
818 744 875 827 qui
891 743 982 807 illum
998 742 1142 824 roiugam
1153 746 1210 825 ty-

151 847 286 910 ronnum
309 852 342 911 et
363 848 541 931 apostatam
563 847 715 929 gehonnae
734 849 861 932 ignibus
883 848 1066 933 daputtsti3
1091 850 1211 930 quique

150 954 354 1035 Unigenitum
377 961 468 1019 tuum
490 955 526 1018 in
545 953 631 1019 hune
650 954 805 1020 muudum
825 956 963 1036 misisti,
987 961 1025 1020 ut
1045 954 1136 1020 illum
1148 972 1209 1018 ru-

149 1059 288 1139 giontem
322 1062 523 1125 oontoreret:
547 1059 701 1125 velociter
722 1059 867 1140 attonde,
891 1061 1053 1141 accolere,
1088 1066 1124 1125 ut
1149 1060 1211 1123 eri·

149 1165 220 1247 pias
234 1164 395 1231 hominem
411 1166 452 1231 ad
466 1167 636 1248 imoginom
652 1172 684 1230 et
698 1167 934 1233 similitddinem
947 1175 1036 1233 tuam
1052 1170 1208 1247 oreotum,

149 1288 169 1332 a
190 1273 284 1335 ruina
291 1317 302 1350 ,
328 1276 361 1336 et
382 1271 539 1337 daemonio
561 1271 751 1337 meridiono.
776 1275 848 1353 Da,
872 1273 1030 1354 Domine,
1054 1273 1209 1338 torrorem

148 1383 242 1440 tuum
268 1397 365 1461 super
392 1378 547 1460 hostiam,
577 1397 648 1462 quae
677 1380 864 1444 extorminat
884 1381 1011 1444 vineam
1032 1385 1133 1444 tuam.
1159 1380 1208 1443 Da

147 1479 300 1547 tiddaiam
311 1485 410 1550 servis
423 1486 488 1548 tuis
500 1490 613 1549 eontra
627 1486 855 1569 nequissimum
872 1484 1044 1551 meconem
1061 1487 1208 1569 pugnore

148 1586 341 1673 fortissime,
369 1610 409 1654 ne
440 1593 622 1655 eontomnat
651 1595 812 1674 sperontes
834 1594 869 1656 in
891 1597 947 1673 te,
971 1597 1004 1656 et
1026 1610 1066 1655 ne
1093 1589 1205 1669 dieat,

147 1693 232 1757 siout
259 1695 294 1759 in
315 1695 506 1778 Pharaone,
530 1696 588 1780 qui
606 1693 673 1778 jam
694 1696 796 1761 dixit:
820 1699 923 1760 Deum
945 1713 1012 1761 non
1034 1696 1128 1773 novi,
1150 1713 1208 1759 nee

147 1797 247 1862 israel
271 1799 410 1865 dimitto.
434 1803 550 1885 Urgent
571 1798 663 1866 illum
687 1801 815 1866 dortera
838 1807 895 1867 tua
913 1807 1029 1885 potens
1046 1799 1208 1866 diseodere

147 1903 304 1969 aitmulo
320 1913 379 1971 tuo
409 1910 446 1972 N.
470 1910 478 1984 t
508 1910 557 1973 vel
577 1908 732 1972 stomata
751 1915 807 1972 tua
837 1913 896 1986 Ν.)
933 1922 991 1989 ola,
1021 1926 1060 1971 ne
1086 1906 1206 1974 diodus

147 2011 316 2092 prostituat
335 2012 498 2096 captivum
520 2015 649 2092 tenore,
679 2032 774 2096 quam
798 2021 835 2078 tu
859 2013 900 2078 ad
924 2014 1091 2095 imaginem
1118 2017 1208 2075 tuam

147 2112 248 2180 idoare
273 2115 421 2200 dignitus
447 2139 501 2199 es,
526 2125 559 2182 et
580 2120 613 2182 in
635 2120 715 2183 Filio
737 2127 794 2184 tuo
812 2119 994 2185 redemtsti:
1020 2119 1084 2198 Qui
1100 2122 1207 2181 teeum

147 2221 226 2286 risit
248 2228 281 2286 et
302 2231 416 2306 regnat
431 2227 464 2290 in
486 2227 607 2290 unitate
622 2227 759 2308 Spiritus
775 2227 879 2291 Saneti
896 2227 1002 2307 Deus,
1025 2243 1083 2309 per
1097 2223 1207 2288 omnia

147 2328 260 2392 secula
281 2330 481 2394 saeoulorum.
583 2335 622 2415 td.
640 2335 752 2396 Amen.

286 2435 405 2502 Deinde
427 2437 589 2522 loraeoipiat
611 2436 745 2503 daemoni
770 2441 853 2505 huno
876 2443 909 2505 in
927 2441 1071 2508 modum,

154 2539 337 2706 precipio
359 2539 444 2621 tibi,
476 2540 669 2623 quicumque
699 2560 755 2621 es,
790 2541 921 2624 spiritus
958 2540 1143 2620 immriude,
1174 2547 1206 2604 et

212 2644 361 2710 omnibus
378 2647 471 2711 sociis
492 2647 557 2710 tuis
578 2647 663 2711 huno
685 2647 744 2711 Dei
766 2646 922 2711 iomulum
957 2645 1202 2724 ohsidontibus;

146 2757 182 2813 ut
203 2769 262 2833 per
282 2753 433 2836 mystoria
457 2753 702 2831 luminationis,
727 2754 907 2831 Passionis,
935 2752 1203 2832 Resurrectionis,

146 2861 180 2919 et
200 2858 400 2922 Asoensionis
422 2859 549 2924 Domini
569 2860 670 2923 nostri
690 2860 766 2923 Jesu
789 2857 923 2939 Christi,
947 2859 1205 2940 permissionem

147 2963 278 3043 Spiritus
302 2964 425 3046 saneti,
453 2970 485 3026 et
509 2982 567 3046 per
589 2963 760 3028 advontum
785 2963 927 3047 ejusdem
949 2963 1076 3028 Domini
1103 2965 1205 3028 nostri

147 3065 185 3132 nd
199 3065 375 3150 judicium,
404 3068 491 3133 dieas
512 3069 590 3132 mihi
614 3088 730 3134 nomon
754 3077 869 3151 mum,
897 3070 1006 3149 diem,
1037 3077 1070 3135 et
1092 3071 1204 3135 horam

147 3172 246 3235 oxitus
267 3175 335 3251 tui,
359 3192 432 3237 oum
454 3174 563 3257 otiquo
584 3175 697 3256 signo;
722 3181 770 3251 et,
787 3183 824 3238 ut
837 3176 918 3239 mihi
937 3178 1000 3241 Dei
1029 3177 1201 3255 ministro,

147 3272 219 3339 tioet
239 3275 392 3359 indigno,
426 3298 557 3362 prorsus
579 3280 612 3343 in
636 3280 784 3343 omnihus
807 3279 959 3345 obodias:
985 3299 1088 3363 neque
1116 3280 1204 3344 hane

147 3383 323 3446 ereaturam
344 3385 423 3465 Dei,
448 3385 500 3448 vel
523 3387 783 3467 circumeuntes,
810 3394 866 3451 aut
890 3389 1002 3452 eorum
1027 3387 1114 3451 hona
1136 3386 1203 3451 utto

147 3486 243 3550 modo
269 3487 425 3553 attondas.

216 3591 338 3662 Deinde
359 3599 505 3681 legantur
526 3617 623 3686 super
645 3603 806 3669 obsessum
837 3606 903 3670 haee
934 3603 1124 3687 Evangelia,
1149 3604 1199 3668 val

148 3717 271 3779 unum,
296 3711 352 3770 aut
374 3706 520 3771 aiterum.

207 3803 318 3867 Lootio
338 3807 440 3869 saneti
463 3808 623 3889 Evangolii
647 3807 820 3872 seadndum
847 3810 1016 3874 Jotnnem.

217 3915 290 3978 tiaec
310 3915 437 3998 dieons,
462 3919 568 4003 signat
589 3937 622 3984 se
643 3925 676 3985 et
693 3919 853 3987 obsessum
872 3921 904 3986 in
927 3922 1050 4003 fronte,
1075 3941 1150 4003 ore,
1169 3928 1201 3985 ot

147 4025 288 4099 pectore.

207 4119 247 4185 In
272 4122 430 4208 principio
454 4130 523 4188 erat
545 4122 712 4208 Verhrrm,
737 4133 800 4190 eto.
843 4135 914 4198 1⁸22.
