2782 4696
177 273 242 339 ³52
531 267 652 333 Itituale
673 270 858 338 Romanum.

242 399 335 464 Anno
431 395 484 463 die
572 396 687 463 memb
778 394 835 481 qni
858 394 920 462 fuit
945 396 1072 479 festus,
1099 400 1160 462 etc.
1185 400 1212 461 et

175 503 344 587 sequenti,
371 503 429 586 qui
452 502 514 568 fuit
536 502 741 584 Bonamicus,
764 508 827 567 eto.
852 500 994 586 ejmdem
1006 500 1141 583 mensis,
1161 516 1212 584 apo

174 593 213 657 Ν·
240 608 357 674 Nestor
377 606 472 693 hujus
496 606 641 675 Ecclesia
663 609 695 672 S.
720 602 757 667 N.
785 610 868 673 inter
882 605 1210 686 sammonicum,

175 714 436 780 Denuntiatioucs
454 713 553 781 bubni
575 714 785 796 Matrimonii,
804 712 871 798 jam
898 714 1018 798 praevia
1042 717 1213 796 opportuna

175 818 408 903 dispensatione
431 820 501 884 initi
524 819 609 884 inter
632 813 671 875 N·
697 826 730 884 et
749 814 789 877 N·
815 816 1089 901 dieprimabujus
1098 816 1210 896 mersis,

174 922 298 989 nubum
319 929 425 990 umen
450 925 637 989 canonicum
655 923 915 1008 impedimentum
941 919 983 987 ab
1008 923 1120 1005 abque
1143 921 1210 986 atla·

173 1034 245 1092 tum
266 1034 340 1111 est,
364 1045 430 1111 quo
448 1028 553 1094 minus
575 1026 758 1113 hujusmodi
779 1028 1017 1097 Matrimonium
1035 1035 1165 1110 ratum,
1182 1041 1211 1089 ae

172 1129 300 1198 murum
322 1150 391 1199 csse
411 1132 537 1199 debeat.

237 1229 270 1293 Si
299 1234 405 1296 summ
434 1230 686 1301 denuntiationes
711 1253 820 1305 omnes
847 1239 1029 1310 omittendae
1056 1242 1146 1327 siut,
1168 1251 1210 1311 aut

172 1328 375 1419 maerenda,
400 1336 446 1402 ite
467 1339 654 1406 scribantur.

237 1450 536 1517 Denuntiatiouibus
554 1448 701 1517 omnibus
716 1450 854 1531 amisus,
880 1449 930 1514 rel
952 1448 1078 1531 dilatis,
1104 1454 1164 1514 etc
1179 1467 1209 1513 er

171 1556 345 1641 facultate,
369 1564 431 1622 otc.
455 1559 523 1644 Ego
546 1557 664 1623 Nestor
687 1553 729 1617 N.
750 1562 813 1622 ete.
839 1560 877 1622 ut
891 1574 997 1641 supra.

237 1650 390 1718 Caetcmm
413 1653 440 1716 si
464 1654 552 1719 alteri
569 1656 760 1743 Presbytero
783 1658 824 1725 ub
843 1661 1039 1747 Ordinatio,
1062 1668 1116 1734 vel
1131 1687 1149 1733 a
1163 1669 1209 1735 Pa·

168 1753 271 1819 rocho
294 1756 364 1840 ipso
387 1757 518 1823 facultas
543 1760 629 1826 sacta
649 1765 690 1828 sit
712 1763 928 1849 conjungendi
951 1771 1106 1853 aliquos,
1131 1774 1165 1839 id
1183 1774 1209 1837 iu

168 1857 253 1924 libro
273 1863 398 1947 proprii
420 1865 556 1930 l‘arecbi
581 1869 627 1933 sic
646 1868 816 1937 adnotetur
840 1872 940 1958 ipsius
957 1875 1099 1943 Parecbi
1112 1896 1207 1945 manu.

232 1964 273 2029 N.
302 1977 492 2062 Presbyter,
517 1972 569 2035 rel
592 1977 775 2062 Capelianus
800 1977 944 2042 &dedu
965 1980 1007 2044 N.
1030 1977 1071 2044 de
1096 1978 1207 2045 lieentia

168 2082 429 2152 Reverendissimi
451 2082 599 2166 Episcopi
625 2079 665 2143 N.
693 2098 751 2146 seu
776 2084 829 2165 N,
847 2079 915 2164 ejus
942 2084 1061 2148 vicarii
1084 2085 1149 2149 loei
1176 2089 1206 2154 N.

166 2182 224 2238 aut
248 2206 343 2268 men,
367 2205 439 2271 quae
464 2204 561 2270 penes
581 2204 631 2250 me
658 2192 762 2269 extat,
789 2190 828 2253 N.
855 2185 956 2252 tilium
980 2192 1022 2256 N.
1046 2194 1132 2260 etN.
1154 2195 1205 2253 ete.

167 2293 202 2359 iu
222 2292 455 2359 Matrimonium
478 2289 665 2375 conjunxit,
685 2298 748 2357 ate.
777 2300 814 2359 ut
836 2312 929 2379 supra
952 2293 992 2356 Et
1007 2310 1069 2374 ego
1091 2301 1132 2366 N.
1158 2295 1208 2361 Pa·

168 2397 286 2464 rochus
306 2391 347 2454 N·
374 2396 572 2482 subscripsi,
594 2403 761 2481 attestor,
782 2397 911 2464 remita
926 2416 961 2462 se
984 2397 1117 2464 babere.

233 2491 370 2571 Quodsi
394 2516 432 2560 er
458 2497 749 2569 denuntiationibus
762 2513 959 2589 compertum
974 2511 1039 2593 sit,
1068 2510 1210 2595 conjuges

165 2597 272 2681 aliquo
296 2606 595 2687 cerasauguiuitatis,
630 2617 684 2673 urst
712 2610 872 2677 affinitatis
899 2614 1000 2696 gradu
1030 2617 1210 2701 conjunctos

165 2720 256 2787 esse,
284 2713 314 2769 et
339 2709 542 2775 nibilominus
569 2713 609 2778 orl
643 2717 893 2784 contrahendum
918 2719 1014 2785 fucrit
1041 2741 1116 2787 curu
1143 2724 1211 2807 ipsis

165 2809 351 2891 Apostoliea
366 2819 554 2881 arroteritatc
570 2821 805 2901 dispensatum,
821 2831 991 2890 urruetctur
1004 2828 1125 2909 gradus
1138 2847 1210 2893 cou-

165 2921 403 3000 saugurnitetis,
433 2923 484 2985 rel
510 2924 671 2990 affinitatis
698 2928 907 3012 dispensatae,
933 2938 966 2998 et
991 2934 1211 3016 courpnrrdium

164 3015 280 3083 decreti
305 3043 402 3106 super
425 3047 463 3090 ca
483 3030 574 3093 relati
591 3050 664 3095 eum
687 3033 761 3115 dic,
783 3042 815 3101 ct
838 3055 943 3119 amco,
969 3055 1007 3102 ec
1034 3040 1155 3106 Notarii
1175 3038 1210 3105 dc

163 3120 220 3186 illo
245 3129 351 3209 regati
374 3136 527 3215 nunnus,
553 3136 617 3201 boc
640 3138 757 3204 modo:

231 3241 323 3307 buno
349 3241 478 3307 Domini
564 3240 617 3308 die
704 3245 820 3309 mensis
905 3242 1072 3327 premissis
1095 3241 1211 3307 dennu-

163 3345 370 3428 tiatiouibus,
393 3365 429 3412 ac
451 3354 618 3431 comperto
639 3347 865 3432 impedimento
891 3346 1041 3428 secundi,
1067 3356 1118 3420 ret
1150 3352 1211 3411 ter-

164 3451 227 3533 tii,
249 3448 305 3505 aut
337 3453 444 3537 quarti
468 3452 585 3536 gradm
606 3454 912 3535 consanguinitatis,
945 3461 996 3523 rel
1024 3451 1211 3533 affinitatis,

161 3557 217 3607 seu
236 3545 301 3610 alio
321 3552 434 3631 quous
459 3558 520 3617 ete.
550 3559 634 3622 inter
657 3563 694 3623 N.
728 3565 761 3623 et
777 3564 815 3624 N.
834 3605 844 3640 ‚
868 3565 932 3623 etc.
947 3557 1147 3640 obtentoque
1158 3575 1214 3641 par

162 3679 218 3727 ees
248 3662 437 3747 bpoatebeoe
467 3664 554 3729 Sedis
585 3664 731 3730 mandato
758 3664 797 3731 de
823 3662 1055 3749 dispensando,
1085 3669 1214 3728 etcum

162 3767 208 3831 eis
226 3785 285 3851 per
301 3769 604 3834 Reverendissimum
618 3773 811 3855 Episcopum
826 3774 864 3834 N.
888 3770 1076 3834 auctoritate
1088 3767 1215 3852 dispen-

162 3879 231 3937 sato
251 3873 311 3938 sub
337 3873 388 3940 dic
479 3893 563 3940 auno
659 3882 695 3940 ut
721 3882 902 3942 constater
922 3873 1214 3940 bctiaNotariicf·

162 3977 226 4042 ficii
244 3979 384 4064 praedicti
407 3981 579 4067 Episcopi,
603 4000 659 4048 cea
676 3983 882 4048 Natrbnonio
898 3979 1069 4066 conjunxi,
1093 3986 1159 4046 cte.
1182 4004 1214 4059 ut

161 4069 192 4132 iu
217 4072 363 4153 predicta
384 4074 532 4144 formula.
