2812 5070
82 25 1398 331 -ι-

322 658 383 724 131
672 660 795 724 ltitualo
817 661 1006 727 Romanum.

317 807 384 852 non
400 805 470 851 sum
491 785 531 850 dc
549 783 682 849 mundo.
701 783 868 850 Sanctliica
884 802 939 849 eos
959 785 993 848 in
1013 784 1159 848 veritite.
1175 784 1288 847 Semo
1303 787 1377 847 tuus

316 895 432 958 viritas
450 900 508 956 cst.
534 892 621 956 Siout
642 909 693 955 me
713 891 825 956 unisti
844 889 1073 970 inmundum,
1096 895 1130 953 et
1150 906 1212 971 ego
1230 887 1305 952 misi
1320 905 1377 952 eos

315 1001 349 1064 in
371 999 538 1064 mundum.
560 993 601 1061 Et
620 1017 682 1081 pro
699 998 743 1061 eis
760 997 924 1062 sanctifico
937 998 1115 1082 meipsum:
1133 1002 1170 1061 ut
1182 997 1247 1060 sint
1262 1001 1297 1059 et
1313 994 1376 1078 ipsi

315 1106 503 1172 sanctificati
521 1107 555 1170 in
574 1106 719 1168 veritate.
743 1105 815 1169 Non
836 1123 898 1188 pro
921 1105 968 1170 cis
988 1110 1094 1169 autem
1116 1107 1371 1185 nugularum,

315 1212 370 1277 sed
388 1230 449 1295 pro
465 1213 530 1292 eis,
553 1212 610 1294 qui
633 1209 785 1275 creditriri
806 1218 881 1277 sunt
899 1229 958 1295 per
978 1208 1113 1274 verbum
1125 1209 1239 1273 corum
1252 1209 1288 1272 iu
1300 1225 1369 1271 me:

315 1326 352 1384 ut
367 1338 477 1384 omncs
489 1337 588 1382 unum
607 1318 689 1399 sint,
707 1319 792 1382 siout
804 1325 862 1397 tu,
885 1319 996 1401 Patcr,
1011 1319 1044 1381 iu
1056 1334 1128 1398 mo,
1145 1321 1179 1381 et
1193 1331 1257 1398 ogo
1270 1314 1306 1379 in
1319 1321 1368 1396 te,

315 1431 352 1489 ut
373 1432 404 1489 et
424 1426 485 1508 ipsi
504 1426 537 1488 iu
557 1422 650 1487 nobis
665 1442 762 1487 uuum
778 1423 860 1489 sint:
885 1430 923 1488 ut
942 1423 1051 1489 credat
1066 1420 1221 1504 muudus,
1245 1422 1320 1506 quia
1333 1427 1369 1487 tu

314 1548 365 1594 me
378 1531 502 1595 misisti.
520 1533 560 1594 lit
574 1547 633 1612 ego
650 1529 841 1611 clamitem,
860 1548 957 1613 quam
970 1528 1085 1593 dedisti
1100 1527 1198 1608 mihi,
1214 1526 1290 1592 dedi
1305 1527 1364 1591 eis:

313 1644 352 1701 ut
364 1639 427 1701 sint
440 1657 560 1713 unum,
584 1637 666 1700 sicut
686 1642 719 1700 et
739 1655 799 1728 uos
812 1654 912 1701 uuum
927 1654 1048 1701 sumus.
1065 1638 1135 1717 Ego
1153 1635 1267 1714 ineis,
1285 1639 1366 1700 etta

312 1744 346 1807 in
370 1762 441 1806 me:
467 1750 503 1807 ιιι
520 1744 584 1807 sint
603 1744 814 1807 consummdti
834 1743 870 1807 in
890 1760 1012 1807 uuum:
1035 1747 1069 1806 et
1087 1742 1365 1822 cogndscatmuu·

234 1834 237 1841 ’
314 1849 397 1931 dus,
420 1850 496 1932 quia
515 1855 552 1912 tu
574 1867 625 1912 me
647 1849 778 1929 misisti,
802 1855 835 1913 ct
855 1847 992 1913 dilexisti
1005 1865 1082 1926 cos,
1105 1847 1188 1910 sicut
1201 1851 1235 1910 ct
1247 1864 1301 1912 me
1312 1845 1362 1910 di·

311 1954 428 2018 lexisti.
453 1957 571 2034 Pater,
589 1971 671 2037 quos
686 1953 801 2018 dedisti
823 1954 922 2034 mihi,
946 1953 1044 2032 volo,
1067 1959 1104 2016 ut
1124 1950 1183 2014 ubi
1197 1969 1269 2016 sum
1282 1969 1361 2035 ego,

313 2067 345 2124 ct
360 2061 405 2124 illi
425 2062 489 2124 sint
507 2079 653 2125 meeum:
674 2066 711 2124 ut
724 2058 851 2124 rideant
863 2059 1039 2123 clarititcm
1050 2075 1171 2138 meam,
1191 2076 1290 2141 quam
1305 2057 1360 2123 de·

311 2165 386 2230 disti
408 2167 511 2230 mihi:
537 2166 613 2249 quia
635 2165 772 2230 dilexisti
792 2183 846 2228 mo
865 2170 938 2229 aute
960 2163 1218 2229 coustitutidnem
1239 2163 1357 2229 muudi.

310 2275 406 2338 Pater
425 2272 529 2356 juste,
553 2271 691 2335 mundus
712 2277 745 2335 te
769 2290 836 2335 non
851 2271 1022 2352 cognovit:
1048 2286 1118 2359 ego
1131 2276 1239 2334 antem
1254 2277 1288 2335 ta
1307 2289 1360 2336 oo·

310 2380 429 2462 gnovi:
447 2375 487 2443 'et
509 2380 543 2442 hi
565 2379 808 2459 cognorerunt,
833 2379 909 2460 quia
930 2383 967 2441 tu
986 2395 1037 2440 me
1053 2377 1175 2440 misisti.
1196 2379 1237 2440 Et
1251 2383 1359 2443 notum

309 2487 369 2550 ieci
391 2488 435 2550 eis
456 2504 572 2549 nomeu
596 2491 712 2566 tuum,
736 2490 769 2548 ct
790 2490 902 2548 notum
917 2484 1052 2547 faciam:
1076 2488 1114 2546 ut
1136 2481 1283 2565 dilectio,
1299 2501 1358 2567 qua

309 2591 445 2657 dilexisti
466 2611 538 2673 me,
562 2593 594 2654 in
616 2592 692 2674 ipsis
713 2591 772 2672 sit,
797 2597 829 2654 et
852 2609 913 2672 ego
934 2591 968 2653 iu
989 2590 1079 2673 ipsis.

327 2729 443 2800 Passio
465 2734 592 2799 Domini
616 2735 715 2798 nostri
738 2735 813 2798 lesu
837 2734 951 2798 Christi
973 2731 1147 2798 seodndum
1169 2733 1336 2798 loannem.

737 2873 830 2934 loon.
861 2875 914 2940 18.

350 3037 372 3083 n
394 3019 450 3088 illo
475 3024 640 3103 ternpore:
666 3019 816 3099 Egrdssus
838 3024 886 3082 est
907 3019 998 3082 lesus
1019 3036 1091 3082 cum
1113 3016 1279 3102 discipulis
1299 3018 1357 3083 suis

335 3133 436 3190 trans
459 3127 631 3190 torrentem
649 3125 796 3198 codron,
820 3125 875 3189 ubi
899 3132 967 3189 crat
989 3125 1120 3205 nouus,
1144 3126 1179 3189 in
1199 3143 1296 3209 quem
1308 3129 1355 3190 in·

305 3233 417 3296 troivit
433 3232 523 3316 ipse,
540 3239 571 3295 ct
590 3231 736 3314 discipuli
753 3230 832 3314 ojus.
854 3232 978 3296 Scidbat
997 3238 1102 3295 autem
1121 3231 1289 3314 ellados,
1305 3233 1355 3317 qui

304 3338 451 3402 tradtbat
473 3357 569 3418 curn,
592 3339 722 3402 locum:
751 3339 828 3421 quia
850 3339 1032 3421 frequenter
1053 3340 1143 3402 lesus
1166 3340 1355 3404 convinerit

302 3445 379 3509 illuc
393 3466 464 3510 cum
479 3446 640 3528 discipulis
657 3447 731 3508 suis.
747 3448 764 3509 J
769 3446 846 3509 udas
859 3464 936 3527 ergo
954 3465 1026 3509 curu
1042 3446 1216 3529 accepisset
1238 3447 1352 3512 cohor·

302 3558 389 3631 tem,
414 3559 478 3616 eta
495 3552 723 3631 Pontificibus,
749 3559 781 3616 et
802 3553 966 3617 Pharisaeis
982 3553 1163 3633 ministros,
1182 3553 1273 3618 venit
1286 3554 1353 3618 illuc

303 3675 376 3721 oum
399 3658 573 3738 lanternis,
601 3663 634 3719 rt
653 3658 802 3737 facibuS,
827 3667 860 3722 et
882 3659 987 3722 anuis.
1013 3660 1103 3721 lesus
1125 3658 1237 3741 itaque
1259 3661 1353 3724 sciens

303 3765 428 3842 omnia,
449 3782 519 3847 quau
539 3765 673 3827 ventrira
693 3771 783 3828 crant
802 3785 897 3848 super
918 3784 1009 3845 euru,
1033 3765 1208 3848 processit,
1227 3772 1262 3831 et
1281 3766 1353 3831 dixit

301 3869 364 3932 eis:
388 3870 489 3948 Quem
509 3870 674 3952 quaeritis?
692 3871 937 3953 Responderunt
952 3873 1000 3934 ci:
1026 3872 1134 3935 lesum
1147 3872 1350 3937 Nazarenum.

299 3976 385 4039 Dicit
405 3977 449 4039 eis
469 3977 580 4040 lesus:
604 3979 672 4058 Ego
688 3997 769 4040 sum.
789 3976 899 4041 Stabat
920 3985 1026 4041 autem
1038 3984 1070 4041 et
1082 3976 1202 4059 ludus,
1219 3982 1279 4063 qui
1292 3986 1352 4043 tra·

301 4079 398 4144 debat
415 4101 509 4162 eum,
535 4102 606 4146 curn
626 4085 714 4166 ipsis.
733 4085 776 4148 Ut
794 4103 870 4167 orgo
893 4084 973 4148 dixit
992 4086 1058 4148 eis:
1077 4086 1145 4165 ligo
1159 4104 1252 4149 sum:
1270 4085 1352 4150 abit·

299 4191 374 4250 runt
395 4191 592 4268 retrorsum,
617 4196 649 4252 et
669 4190 853 4253 ceciddrunt
871 4191 904 4253 in
922 4198 1050 4254 terram.
1073 4191 1194 4254 lterum
1209 4209 1290 4275 ergo
1306 4192 1351 4256 in·

297 4295 474 4375 terrogavit
487 4313 564 4359 eos:
581 4295 681 4374 Quem
696 4296 861 4379 quaeritis?
876 4297 928 4360 llli
944 4304 1048 4361 autern
1063 4295 1231 4362 dixtruutt
1249 4300 1350 4363 Jesum

296 4399 502 4464 Nazarenum.
527 4401 706 4484 Respdndit
723 4404 833 4466 Jcsus:
859 4404 931 4467 Dixi
952 4403 1065 4484 robis,
1090 4404 1243 4486 quiaego
1261 4423 1346 4469 sum:
1396 4480 1398 4484 Ι

297 4506 323 4568 si
339 4522 416 4589 ergo
433 4525 483 4570 me
502 4509 656 4590 quaeritis,
673 4510 767 4574 sinite
780 4510 841 4574 hos
854 4509 954 4574 abire.
973 4512 1015 4575 Ut
1027 4510 1214 4593 impleretur
1228 4528 1346 4590 sermo,
1396 4516 1398 4541 ²
