2812 5070
429 360 580 441 RITUS
607 363 929 443 CllLEsslraNol

170 613 619 715 unanimorum
654 618 1178 714 SACRAMENTUM

511 896 851 954 ”Sum-³⁴⁴

157 1213 355 1408 parochus
375 1316 471 1396 igitur
495 1315 729 1378 Matrimonium
753 1313 984 1394 celebraturus,
1008 1316 1201 1397 publicatio·

156 1419 245 1486 nibus
264 1421 357 1486 factis
371 1420 473 1484 trihus
493 1420 603 1484 diebus
619 1422 737 1501 Festis,
758 1427 794 1484 ut
813 1420 933 1484 dietum
954 1427 1018 1500 est,
1037 1423 1064 1484 si
1079 1423 1201 1485 nullum

156 1527 258 1593 obstet
278 1527 455 1609 lemtimum
475 1528 754 1608 impedimentum,
772 1528 805 1589 in
822 1528 958 1589 Ecclesia
974 1529 1201 1610 superpelliceo

156 1642 184 1700 et
202 1635 277 1699 alba
297 1636 380 1698 stola
398 1635 546 1712 indutus,
569 1633 709 1697 adhibito
733 1653 796 1697 uno
817 1634 927 1696 saltem
951 1634 1072 1696 Clerieo
1090 1653 1202 1715 super-

156 1741 286 1824 pelliceo
311 1744 427 1824 pariter
454 1740 586 1811 induto,
611 1742 666 1822 qni
688 1741 804 1803 librum
828 1748 859 1802 et
880 1759 935 1802 vas
954 1743 1052 1819 Aqua
1068 1739 1200 1804 benedi-

156 1853 207 1912 oiae
222 1866 296 1912 cum
314 1847 492 1930 aspersorio
511 1847 648 1925 delerat,
677 1866 782 1909 eoram
804 1846 926 1926 tribus,
944 1852 997 1908 aut
1015 1844 1139 1907 duobus
1155 1852 1202 1908 te·

156 1953 271 2034 stibus,
293 1957 416 2034 sirum,
440 1961 472 2017 et
494 1953 677 2034 mulierem,
698 1952 1200 2034 q11osparentum,relpropin·

155 2077 291 2142 quorum
308 2078 438 2124 suorum
457 2062 621 2142 prementia
638 2059 838 2121 cohonestari
862 2056 972 2136 decet,
992 2056 1030 2119 de
1047 2075 1201 2120 consensu

155 2166 183 2227 in
207 2166 444 2229 Matrimonium
469 2167 644 2245 interroget
668 2171 837 2246 utrumque
861 2162 1040 2244 singillatim
1063 2164 1096 2225 in
1119 2162 1201 2226 lrune

155 2271 282 2335 modum
308 2272 430 2352 uulgari
451 2290 608 2335 sermone.

217 2371 255 2440 N.
290 2371 339 2436 ris
359 2371 499 2455 accipere
516 2379 541 2439 N
548 2425 553 2437 .
585 2372 638 2438 hio
662 2373 848 2458 pensantem
868 2375 903 2441 in
924 2382 1012 2442 uram
1032 2378 1203 2464 legitimam
1266 2445 1271 2457 ,

156 2474 290 2541 nomm
309 2475 399 2561 juxta
419 2479 514 2543 ritum
535 2486 649 2544 saneta
670 2483 779 2547 listris
801 2482 970 2548 Eeeltsiae?

215 2590 421 2671 Respondeat
442 2591 598 2670 Spomus:
625 2589 720 2655 Volo.

217 2695 291 2757 Mox
316 2693 466 2757 Sacerdos
481 2694 633 2776 Sponsam
650 2694 842 2771 interroget:
869 2692 907 2752 λ’.
929 2697 977 2761 via
998 2698 1141 2781 accipere
1162 2689 1199 2749 N.

157 2789 211 2856 liis
223 2792 407 2875 presentem
423 2794 457 2859 in
472 2803 563 2861 tuum
574 2797 748 2880 legitimum
764 2800 912 2865 maritum
923 2799 1014 2885 juxta
1027 2802 1122 2867 ritum
1135 2821 1205 2867 san·

158 2903 217 2962 eta
230 2897 527 2966 Matris-Euclesiae?

218 3012 417 3095 Respondeat
435 3014 572 3093 Sponsa:
605 3009 700 3075 Volo.
882 3078 885 3084 ⁴

217 3120 282 3183 Neo
298 3117 414 3180 suffieit
430 3135 599 3179 eorrsensus
615 3117 726 3193 unius,
753 3114 808 3178 sod
825 3112 920 3178 dehet
935 3130 1000 3176 esse
1017 3111 1199 3186 amborum,

154 3230 184 3289 et
206 3241 372 3305 expressus
395 3223 501 3304 aliquo
525 3224 615 3303 signo
639 3220 796 3299 sensibili,
821 3219 885 3282 sire
908 3216 963 3282 fiat
981 3237 1039 3299 per
1060 3236 1113 3298 se,
1137 3219 1202 3279 sire

154 3349 209 3412 per
232 3335 484 3412 procuratorem.

220 3436 332 3498 llutuo
349 3435 446 3514 igitur
462 3434 715 3497 contrahentium
731 3450 885 3494 consensu
899 3428 1077 3507 intellecto,
1096 3432 1201 3489 sacm-

154 3539 212 3606 dos
225 3540 335 3623 jubeat
353 3559 407 3602 iios
421 3541 554 3602 invicem
567 3538 699 3622 jungere
718 3537 876 3601 dexteras:
898 3535 1018 3598 diceas:
1042 3541 1110 3624 Ego
1125 3559 1205 3606 oon·

154 3631 259 3718 jungo
274 3655 334 3702 uos
345 3637 378 3703 in
392 3640 645 3728 matrimonium,
661 3645 698 3710 In
713 3644 840 3711 numne
856 3645 975 3728 Patris,
988 3647 1021 3714 Va
1041 3691 1052 3726 ‚
1070 3652 1103 3710 et
1117 3646 1203 3728 Filii,

157 3747 190 3807 ⁰2
210 3742 345 3827 Spiritus
365 3747 680 3815 &emamanuel
702 3751 769 3815 aliis
787 3754 896 3813 utatur
917 3746 1023 3811 vorbis
1040 3744 1131 3826 jaula
1151 3763 1201 3805 re-
1321 3772 1324 3778 <

153 3868 280 3942 ceptam
304 3860 550 3941 uniuscnjusque
565 3858 737 3924 Provinciae
758 3857 876 3922 ritum:
903 3858 1010 3937 postea
1030 3870 1083 3913 eos
1099 3867 1202 3931 asper-

153 3973 203 4045 gat
227 3967 318 4045 iupa
341 3965 516 4028 benedicta.

220 4071 290 4132 ,itm
317 4070 468 4133 laneat-u
497 4072 643 4132 stratulum
