2812 5070
321 676 385 745 318
686 692 807 760 attane
828 694 1015 765 Romanum.
1092 688 1096 709 '

320 809 384 869 na!
424 808 480 873 ‘in
503 809 708 876 multitidine
733 813 861 881 virtum
885 822 948 883 tuse
968 817 1160 885 mentientur
1179 820 1241 886 tibi
1263 822 1363 888 inimi·

319 912 427 976 utin.

390 1016 497 1084 imnis
517 1026 604 1087 terra
630 1021 765 1107 adoret,
792 1030 844 1110 ts,
873 1028 1051 1115 et‘psuiist
1072 1030 1152 1097 tibi:
1184 1034 1365 1118 ‘psoimun

318 1121 404 1187 diost
428 1125 549 1189 nomini
575 1133 645 1192 tuo.

390 1226 515 1313 Venite,
539 1237 571 1296 et
592 1231 696 1300 ridete
723 1253 823 1320 opera
857 1237 937 1322 Dei,
965 1240 1148 1309 *terribilis
1167 1243 1204 1308 in
1230 1243 1366 1309 comitiis

315 1352 412 1420 super
432 1336 517 1402 tilios
541 1337 721 1407 homiuum.

388 1438 447 1514 (mi
468 1445 625 1510 convertit
647 1464 736 1512 mure
761 1449 795 1515 iu
815 1450 959 1536 irim,
987 1455 1022 1519 iu
1039 1453 1172 1520 flumas
1191 1456 1363 1541 perunum

312 1547 395 1613 hunt
410 1547 516 1632 pede:
550 1548 623 1618 ‘ibi
637 1553 814 1621 latifflmur
828 1558 862 1622 in
877 1558 960 1644 ipso.

384 1662 445 1744 Qui
466 1659 647 1725 dominitnr
662 1659 698 1725 in
718 1660 838 1727 virtute
855 1680 913 1729 sno
931 1664 966 1729 iu
987 1665 1160 1748 eternum,
1184 1665 1273 1732 oouii
1299 1665 1361 1750 eju

312 1788 408 1854 super
429 1772 541 1852 gentes
561 1765 755 1850 respiciunt:
787 1786 797 1811 ⁴
817 1767 874 1852 qui
895 1770 1103 1855 exisperxnt,
1134 1788 1203 1837 non
1223 1771 1360 1837 mutu·

311 1883 365 1942 tur
391 1875 424 1939 iu
449 1871 635 1956 semetipsis.

385 1978 561 2046 mnedtcito
578 1983 687 2061 genta
698 1977 801 2043 Deum
820 1984 990 2047 nostrum:
1021 2002 1032 2029 ·
1051 1987 1085 2047 et
1104 1980 1250 2049 muttum
1267 1982 1358 2048 fante

310 2106 423 2154 rooem
439 2086 541 2153 laudm
556 2083 637 2170 ojus.

380 2192 442 2279 Qui
458 2191 567 2278 posuit
585 2191 722 2256 inimum
745 2207 850 2257 meum
871 2190 913 2258 ud
935 2191 1056 2259 ritum:
1083 2222 1096 2251 ι
1118 2200 1154 2259 st
1177 2212 1246 2261 uou
1274 2194 1357 2261 dedit

308 2300 342 2366 in
369 2297 616 2365 commotionem
639 2294 737 2380 pedes
757 2315 859 2361 meos.

379 2403 535 2489 irnoniam
552 2400 696 2485 probasti
714 2419 793 2484 uos,
816 2404 924 2468 Deus:
959 2432 967 2449 ·
986 2405 1060 2490 igne
1074 2422 1134 2470 nos
1148 2406 1353 2488 exaministi,

307 2511 388 2576 siout
407 2508 604 2573 examinttur
624 2506 802 2589 argentum.

376 2614 531 2683 induxisti
554 2631 614 2678 nos
640 2614 673 2676 iu
703 2612 880 2697 laqueum,
909 2616 1045 2699 posuisti
1071 2615 1294 2682 tribulationes
1324 2618 1353 2682 iu

306 2721 403 2787 dorso
426 2725 558 2785 nostro:
594 2718 800 2803 ‘imposuisti
824 2720 969 2786 homines
992 2740 1089 2806 snper
1108 2722 1217 2807 cipite
1235 2728 1351 2788 nostra.

375 2826 587 2893 l'ransirimus
611 2842 669 2908 par
691 2825 798 2908 ignem
822 2832 855 2891 et
880 2844 1020 2911 aquam
1048 2834 1115 2893 *ot
1135 2826 1273 2895 eduxisti
1298 2847 1353 2895 nos

303 2933 337 2998 in
362 2931 574 3016 refrigirium.

374 3038 519 3104 introibo
543 3037 578 3102 in
607 3035 738 3102 domum
765 3043 854 3103 tuum
877 3039 910 3102 in
934 3037 1155 3105 holoetnstis:
1187 3074 1197 3093 ·
1223 3040 1352 3107 roddan

301 3143 362 3209 tibi
384 3149 462 3209 rota
483 3161 575 3224 mea,
601 3159 672 3226 qun
691 3141 901 3208 inunxerunt
919 3142 1006 3209 libia
1020 3161 1103 3209 mea.

371 3255 412 3314 tit
433 3250 578 3315 looritum
597 3254 645 3312 est
668 3266 705 3313 os
723 3266 848 3330 meum,
881 3249 941 3314 ·iu
960 3240 1167 3316 tribulatione
1191 3270 1273 3318 mea.

371 3357 399 3419 11
404 3356 568 3420 olooiusta
582 3352 753 3420 medullits
776 3355 909 3420 offeram
933 3355 993 3421 tihi
1013 3375 1087 3423 eum
1109 3357 1240 3424 insenso
1269 3360 1348 3424 trie·

300 3468 393 3527 tum:
421 3466 430 3481 ·
455 3461 587 3526 offeram
611 3459 670 3524 tibi
688 3458 788 3525 bores
806 3480 879 3526 cnm
900 3460 1008 3528 hircis.
1212 3506 1216 3513 ·

372 3566 506 3647 venito,
524 3564 696 3645 andite‚et
711 3566 1347 3652 uarribo,omnesqnitimtitisl)oum‚⁴

300 3677 419 3755 quanta
439 3671 514 3735 ierit
534 3670 644 3736 animo
666 3689 753 3738 moa.

369 3776 420 3843 ad
441 3777 545 3859 ipsum
572 3794 629 3840 ore
654 3793 727 3840 meo
756 3776 910 3860 olamivi,
948 3784 1005 3844 -et
1032 3779 1165 3844 exalttvi
1192 3779 1255 3845 sub
1286 3781 1346 3846 lin·

298 3901 362 3966 gua
386 3901 468 3948 mea.

367 3990 568 4072 iniquititem
591 3990 618 4053 si
643 3989 748 4072 aspexi
770 3989 804 4054 in
828 3988 924 4055 eorde
951 4008 1046 4073 meo,
1077 4010 1174 4057 -uon
1201 3992 1346 4059 exindiet

296 4094 462 4160 Dominus.

368 4200 543 4285 Propterea
570 4199 729 4266 exaudivit
749 4203 854 4285 Deus,
885 4209 948 4269 ‘et
971 4203 1105 4270 attendit
1128 4205 1202 4270 roei
1228 4204 1344 4289 depre-

297 4307 429 4372 cationis
449 4323 536 4370 men.

368 4410 556 4475 ttenodtctus
583 4412 691 4492 Deus,
723 4416 732 4438 ¹
755 4413 810 4496 qui
824 4415 1019 4482 nouamorit
1037 4416 1217 4483 ommonem
1227 4434 1341 4501 meam,

296 4525 329 4584 et
352 4515 601 4583 miserioordiam
621 4537 708 4585 susm
730 4538 750 4585 a
772 4538 834 4584 me.

363 4621 473 4689 illotis
494 4622 601 4703 Patri,
622 4629 683 4688 eto.
