2782 4696
291 257 334 321 20

289 376 363 433 rint:
380 385 449 434 tunc
467 378 543 434 enim
562 375 597 436 de
616 377 651 435 lis
669 375 744 434 idern
760 334 899 451 judicium
918 376 1077 435 laciendum
1090 384 1151 448 est,
1168 378 1245 452 quod
1257 379 1292 438 de
1303 381 1344 437 in·

293 464 438 537 lantibus,
458 474 541 537 atque
558 467 591 522 in
608 465 675 523 Fide
693 466 825 524 Ecclesiae
845 465 978 539 baptizari
998 475 1123 540 possunt.

343 555 398 612 Sed
413 555 436 612 si
453 554 577 612 dilucida
593 553 714 611 babeant
730 555 894 623 intervalla,
908 553 977 613 dum
989 556 1090 614 mentis
1103 563 1244 630 compotes
1262 566 1345 626 sunt,

292 642 487 718 baptizentur,
507 644 533 700 si
556 642 652 700 velint.
675 643 790 700 sivero
809 651 960 716 antequam
982 643 1159 714 insanirent,
1178 647 1346 719 suscipiendi

293 731 429 805 baptismi
454 730 624 789 desiderium
651 730 848 802 ostenderint,
868 748 901 789 ae
918 732 980 789 ritae
997 732 1150 804 perieulum
1180 733 1346 806 immineat,

292 818 402 876 etiamsi
425 835 484 877 non
499 820 558 876 sint
578 827 719 892 compotes
736 820 859 889 mentis,
876 820 1060 893 baptizentur.

346 907 479 981 Idemque
496 908 646 966 dicendum
667 917 709 966 est
727 907 763 966 de
780 924 836 977 eo,
855 909 904 980 qui
928 908 1071 981 lethargo,
1094 917 1144 965 aut
1161 909 1294 981 phrenesi
1306 911 1345 968 la·

292 993 395 1065 borat,
412 1004 445 1053 ut
462 1004 572 1054 tantum
589 996 707 1069 vigilans
718 1004 746 1053 et
759 995 917 1069 intelligens
934 994 1108 1068 baptizemr3
1125 996 1179 1053 nisi
1192 997 1346 1069 periculum

293 1084 392 1141 mortis
415 1085 595 1158 impendeat,
610 1086 678 1141 siin
697 1100 730 1141 eo
749 1085 826 1157 prius
842 1086 1000 1156 apparuerit
1016 1085 1149 1156 Baptismi
1167 1082 1345 1144 desiderium.

349 1172 484 1231 Sacerdos
503 1172 653 1247 diligenter
674 1181 774 1243 curet,
791 1181 823 1229 ut
840 1173 941 1228 certior
957 1171 1006 1228 liat
1017 1170 1052 1228 de
1062 1180 1137 1229 statu
1150 1179 1179 1228 et
1189 1173 1347 1233 conditione

293 1274 413 1332 eorum,
435 1263 485 1334 qui
502 1262 638 1335 baptizari
661 1269 789 1334 petunt,
813 1261 964 1333 presertim
990 1267 1167 1317 exterorum:
1189 1259 1224 1318 de
1246 1263 1346 1335 quibua

294 1348 368 1408 iacta
388 1349 518 1424 diligenti
535 1351 736 1424 inquisitione,
757 1365 826 1406 num
844 1349 913 1407 elias
925 1392 934 1419 ‚
945 1365 978 1406 ac
995 1350 1048 1405 rite
1065 1349 1122 1406 sint
1136 1348 1268 1422 baptizati
1279 1391 1290 1421 ,
1300 1368 1346 1409 oa·

294 1446 377 1509 reat,
395 1453 431 1496 ne
450 1439 513 1512 quis
530 1439 589 1512 iam
611 1439 782 1512 baptizatus,
803 1437 959 1510 imperitia,
979 1437 1022 1494 vel
1039 1452 1150 1507 errore,
1168 1438 1265 1496 autad
1275 1456 1347 1513 quae·

293 1533 391 1597 sturm,
409 1527 454 1584 vel
465 1527 502 1584 ob
516 1528 598 1585 aliam
611 1543 743 1593 eausam,
761 1524 874 1595 fraude,
892 1524 987 1582 dolove
1005 1525 1105 1582 iterum
1123 1524 1258 1597 baptizari
1271 1528 1346 1586 velit.

347 1616 452 1673 Omnes
471 1624 584 1684 autem,
605 1615 641 1672 de
658 1615 776 1689 quibus,
787 1630 817 1671 re
828 1614 976 1687 diligenter
995 1614 1177 1686 investigata,
1196 1615 1347 1686 probabilis

295 1702 432 1761 dubitatio
449 1712 510 1773 est,
535 1721 573 1761 an
593 1703 725 1776 baptizati
745 1703 872 1770 luerint,
892 1702 918 1760 si
941 1701 1011 1759 nihil
1028 1699 1107 1759 aliud
1123 1701 1278 1774 impediat,
1295 1702 1347 1761 sub

294 1791 452 1850 conditione
469 1792 650 1865 baptizentur.

348 1881 476 1938 Haeretici
492 1896 557 1938 aero
576 1878 612 1937 ad
632 1880 803 1938 catholicam
821 1878 972 1936 Ecclesiam
991 1879 1149 1946 venientes,
1173 1878 1205 1935 in
1227 1895 1346 1952 quornm

294 1968 438 2040 Baptiemo
448 1967 542 2025 debita
557 1967 646 2025 forma
657 2011 666 2037 ,
679 1975 728 2024 aut
741 1968 855 2025 materia
866 1974 971 2024 servate
982 1982 1040 2023 non
1049 1973 1111 2035 est,
1124 1967 1178 2023 rite
1190 1965 1345 2039 baptizandi

295 2063 379 2124 sunt3
392 2054 442 2113 sed
456 2057 533 2129 prius
546 2071 670 2112 errorum
684 2070 798 2112 snorum
816 2057 978 2127 pravitatem
995 2062 1147 2127 agnoscant
1163 2063 1191 2112 et
1207 2055 1346 2113 detesten-

296 2150 362 2211 tur,
380 2144 457 2199 etin
474 2141 542 2199 Fide
559 2143 700 2201 catholiea
721 2143 869 2216 diligenter
891 2144 1085 2200 instruantur:
1104 2142 1154 2200 ubi
1174 2158 1238 2200 vero
1255 2143 1347 2202 debita

296 2230 386 2288 forme
397 2239 425 2287 et
438 2232 552 2288 materia
570 2240 677 2289 servata
695 2239 737 2289 est
749 2272 758 2300 ,
771 2233 872 2289 omissa
889 2239 997 2289 tanum
1016 2230 1217 2305 suppleantur,
1236 2231 1292 2291 nisi
1304 2249 1345 2290 ra·

297 2318 425 2376 tionabili
441 2317 476 2375 de
493 2333 577 2376 cansa
595 2319 677 2381 aliter
692 2320 828 2392 Episcopo
845 2319 977 2378 videatur.

350 2407 479 2465 Ceterum
500 2408 629 2480 legantur
640 2450 649 2477 ‚
660 2415 689 2465 et
697 2416 839 2466 serventur
858 2426 908 2479 ea,
927 2425 989 2482 quae
1005 2424 1089 2482 supra
1106 2407 1142 2466 de
1158 2409 1301 2483 Baptismo
1315 2409 1345 2466 in

298 2497 439 2555 communi
458 2499 615 2570 proscripta
632 2505 721 2567 sunt,
738 2496 787 2556 iol.
806 2504 833 2555 o.
