2782 4696
312 485 313 488 Ὺ
423 365 707 443 nonns
820 335 823 342 ’

182 559 493 683 snvsnns
530 576 937 677 nonsnnnns

444 800 683 857 “mm

139 1007 310 1066 *arescente
324 1000 462 1082 morbo,
487 1003 647 1066 Paroelms
662 1002 820 1068 infirmnm
836 1005 1032 1086 frequentius
1048 1009 1095 1069 si-

139 1114 167 1191 t,
191 1115 226 1172 et
247 1108 442 1174 adsalutem
467 1109 635 1192 diligenter
654 1109 766 1192 juvare
787 1129 852 1175 non
869 1111 1009 1192 desinet,
1026 1133 1095 1176 mo-

139 1232 192 1300 [πθ
214 1215 352 1279 instante
365 1215 508 1298 periculo
525 1233 557 1279 se
573 1215 737 1280 confestim
761 1219 891 1298 vocari,
914 1225 950 1282 nt
963 1220 998 1282 in
1013 1226 1094 1283 tem-

139 1327 250 1404 prtesto
273 1323 313 1385 sit
335 1323 503 1399 morienti,
527 1329 720 1405 sumptoque
736 1325 932 1389 sanctissimo
949 1326 1092 1403 viatico,

139 1440 182 1505 ra
203 1431 358 1493 Unctione
380 1429 540 1509 adhibita,
559 1431 586 1493 si
599 1417 776 1513 pericnlum
792 1432 971 1513 immineat,
989 1435 1095 1497 statim

139 1532 327 1598 tendationis
349 1536 459 1599 animae
479 1535 620 1600 officinm
642 1536 824 1618 praestabit,
848 1538 888 1602 dc
911 1557 976 1621 qno
998 1539 1092 1602 infra.

139 1638 150 1701 i
170 1644 297 1723 tempus
312 1647 480 1725 suppetat,
504 1645 669 1724 sequentia
684 1645 811 1725 pietatis
825 1643 933 1707 officis
949 1650 1096 1726 prestare

139 1744 178 1826 it,
193 1748 220 1810 si
230 1750 277 1811 ita
289 1749 435 1831 expedire
445 1747 653 1831 judicaverit,
669 1768 730 1832 pro
746 1749 929 1813 conditione
940 1769 1094 1833 persona.
1207 1751 1211 1761 '

139 1855 296 1936 optimo,
312 1856 339 1918 si
353 1863 491 1938 aegrotm
506 1838 744 1936 Indulgentiam‘
756 1856 894 1937 legitima
910 1859 1097 1921 auctoritate

139 1976 225 2025 asam
246 1964 398 2046 consequi
422 1964 547 2047 possit;
573 1981 642 2027 eam
660 1963 708 2027 illi
732 1962 864 2027 reducat
877 1961 920 2026 ad
935 1969 1095 2041 mentem,

139 2072 289 2150 malque,
304 2069 384 2151 quid
397 2068 437 2133 ad
453 2088 520 2132 eam
534 2068 789 2152 consequendam
803 2068 856 2150 agi
872 2068 1002 2133 debeat:
1019 2088 1099 2152 prte-

139 2189 169 2252 o,
186 2177 377 2238 utcontrito
392 2175 490 2241 corde
505 2177 734 2240 sanctissimum
748 2193 865 2239 nomen
877 2176 969 2239 JRSU
984 2175 1096 2256 semel,

139 2279 231 2362 aptus
246 2283 385 2346 invocet.

140 2386 231 2451 ande
253 2388 401 2452 hortetur
422 2389 605 2470 infirmnm,
631 2398 662 2454 et
685 2391 819 2468 excitet,
844 2395 880 2452 ut
902 2388 979 2452 dum
995 2393 1098 2451 mente

148 2538 159 2574 ,
183 2493 288 2557 eliciat
305 2502 394 2558 actus
413 2494 510 2573 fidei,
535 2498 621 2578 spei,
646 2503 676 2558 ct
700 2495 880 2572 eharitatis,
905 2495 1098 2573 aliarumque

139 2606 221 2681 mm,
246 2618 360 2684 nempe
374 2623 381 2663 :

155 2771 274 2830 tinniter
293 2771 388 2830 credat
409 2787 506 2828 omnes
523 2771 655 2828 articulos
672 2769 771 2841 Fidei,
794 2778 822 2827 et
839 2768 974 2843 quidquid
1000 2769 1099 2827 saneta

139 2877 170 2919 aa
189 2860 314 2918 Ecclesia
331 2859 473 2917 Catholiea
491 2867 519 2916 et
536 2859 694 2931 Apostoliea
712 2857 821 2927 eredit,
841 2866 869 2914 et
887 2855 975 2914 docet.

151 2958 263 3024 speret,
284 2949 427 3007 Christum
444 2949 596 3005 Dominum
615 2955 743 3004 nostrum
762 2962 880 3019 prosus
899 2949 1035 3003 immensa
1046 2945 1102 3002 cle·

139 3054 148 3095 s
167 3038 222 3097 ssssi
237 3037 297 3095 fore
314 3038 486 3110 propitium
502 3044 530 3093 et
546 3036 645 3093 merito
660 3035 722 3108 ejus
738 3037 920 3093 sanctissime
939 3035 1100 3102 Passionis,

139 3127 384 3186 'intercessionem
400 3129 433 3182 B.
452 3126 564 3199 Mariae,
585 3133 614 3182 et
632 3124 758 3182 omnium
780 3126 945 3182 Sanctorum
956 3166 964 3191 ,
976 3123 1101 3182 sevilam

139 3232 174 3274 rm
191 3223 416 3273 consecutorum.
536 3277 538 3280 ¹

146 3311 208 3362 toto
220 3302 304 3360 corde
320 3302 419 3375 diligat
430 3309 458 3359 et
472 3303 590 3358 inarime
604 3301 720 3375 diligere
734 3301 829 3372 cupiat
845 3299 998 3358 Dominum
1010 3301 1103 3354 Deum

139 3394 268 3462 sefions,
289 3409 343 3466 qua
362 3393 442 3449 illum
461 3391 585 3464 diligunt
601 3392 699 3457 Beati,
717 3390 865 3462 Sanetique
882 3404 990 3446 omnes.

153 3480 192 3539 oh
210 3496 334 3538 amorem
352 3481 404 3538 Dei
423 3480 515 3538 doleat
534 3495 567 3536 ex
584 3477 667 3536 corde
689 3477 724 3535 ds
746 3478 824 3534 omni
842 3465 948 3533 offensa
967 3473 1103 3548 qualiter·

139 3585 166 3627 se
183 3578 281 3626 eontra
298 3570 450 3625 Dominum
469 3571 578 3637 mum,
598 3575 626 3622 et
644 3567 800 3638 proximum
819 3565 978 3621 commissa.

155 3675 189 3716 ex
205 3657 290 3715 eorde
308 3658 344 3714 ob
364 3673 487 3715 amorem
505 3657 557 3712 Dei
575 3664 670 3728 pareat
687 3654 837 3724 omnibus,
852 3654 902 3726 qui
920 3653 975 3709 sibi
991 3666 1103 3724 quoquo

147 3746 254 3805 fuerim
272 3747 402 3815 molesti,
427 3754 477 3802 sut
497 3744 614 3802 inimici.

158 3835 195 3894 sb
214 3837 248 3894 iis
267 3837 377 3892 veniam
396 3834 536 3908 postulet,
559 3850 630 3906 quos
652 3831 802 3906 aliquando
829 3831 934 3899 dir-tis,
956 3836 1006 3887 aut
1023 3828 1104 3885 laetis

139 3927 174 3984 it.

154 4029 240 4087 wem
261 4014 365 4085 patitur
381 4009 504 4069 dolorem
525 4018 553 4067 et
571 4011 660 4071 morbi
682 4011 858 4081 molestiam,
880 4018 992 4083 propter
1013 4009 1103 4064 neom
1176 4069 1177 4072 Ἴ

139 4102 287 4160 maantam
300 4107 476 4174 peecatorum
494 4114 609 4157 suorum
624 4097 761 4172 patienter
770 4100 884 4179 ¹toleret.
