2782 4696
471 369 676 448 ORDO

108 577 352 643 Reconciliandi
375 577 593 643 Cometerium
616 579 769 644 violatum
791 583 857 644 sive
880 578 1024 646 Ecclesia

174 685 361 766 contiguum
377 683 437 765 sit,
460 686 526 748 sive
541 690 737 769 separatum,
755 684 811 749 ubi
828 685 966 750 Ecclesia

423 806 489 854 non
513 796 560 854 est
583 791 717 872 polluta.

515 1052 648 1111 Μ

59 1221 199 1387 Mane
222 1313 304 1393 diei,
329 1331 391 1397 qua
413 1312 557 1378 iacienda
579 1321 627 1378 est
657 1314 893 1394 reconciliatio,
923 1312 1098 1396 Sacerdos,

51 1420 74 1484 ai
92 1418 132 1484 ab
154 1421 314 1504 Episcopo
336 1419 519 1484 facultatem
535 1419 671 1501 habeat,
695 1419 845 1485 adhibitis
860 1420 929 1484 aliis
946 1417 1100 1486 Sacerdo-

51 1525 130 1591 tibus
146 1534 178 1591 et
193 1527 321 1591 clericis
335 1525 455 1590 indutis
470 1527 727 1610 superpelliceis,
751 1528 784 1591 iu
799 1527 949 1606 sacristia,
967 1534 1023 1591 aut
1038 1527 1101 1593 alio

52 1631 168 1699 decenti
184 1634 259 1698 loco
274 1635 404 1697 vestitus
420 1635 559 1714 amictu,
579 1635 669 1712 alba,
687 1634 838 1715 cingulo,
854 1634 956 1714 stola,
974 1639 1006 1698 et
1021 1634 1098 1716 plu·

51 1740 117 1804 vicli
144 1740 211 1804 albi
233 1739 370 1819 coloris,
395 1741 517 1804 accedit
539 1739 580 1805 ad
602 1741 740 1805 medium
757 1741 952 1818 Coerneterii,
977 1739 1100 1803 clerico

50 1847 208 1911 vasculum
225 1848 324 1929 Aquae
340 1846 533 1924 benedictae,
552 1853 584 1910 et
598 1846 797 1929 aspergillum
814 1845 990 1923 deferente,
1009 1851 1041 1907 et
1055 1843 1102 1909 ibi

49 1968 140 2035 super
161 1956 269 2035 tapete
291 1951 474 2033 genuflectit
496 1971 560 2016 uua
583 1971 655 2015 cum
679 1951 848 2032 llinistris,
877 1955 910 2013 et
931 1955 1099 2028 cantores,

49 2055 159 2141 aliique
183 2075 293 2121 omnes
315 2058 448 2138 genibus
470 2059 578 2139 lieris,
610 2057 721 2124 haunt
745 2057 896 2123 Litanias.
926 2057 964 2119 ln
985 2053 1102 2139 quibua

50 2178 118 2226 eum
141 2161 264 2227 dictum
285 2149 406 2228 luerit?
441 2164 484 2229 ut
505 2161 653 2228 omnibus
674 2157 821 2227 naahas
842 2155 1021 2240 cuncus,
1043 2160 1106 2222 eia.

55 2273 98 2341 ‘l’o
118 2272 290 2356 rugimus,
313 2268 389 2337 audi
411 2287 485 2335 nos.
496 2268 648 2333 Sacerdos
669 2270 792 2351 surgit,
811 2275 844 2332 et
859 2285 955 2331 manu
976 2265 1104 2331 dextera

48 2370 228 2453 producens
249 2373 374 2455 siguum
396 2373 504 2438 Crucis
527 2394 627 2458 snper
652 2375 897 2452 cometarium,
922 2373 1005 2453 clara
1019 2389 1100 2438 soce

48 2473 148 2541 dicit:
181 2485 227 2551 ut
241 2483 305 2548 hoc
319 2481 540 2547 caemeterium
553 2496 652 2544 recnn
672 2486 706 2551 >a
739 2475 867 2557 cilitre,
889 2479 922 2538 ct
945 2475 1045 2540 uncti
1065 2482 1100 2552 ἦ(

56 2589 153 2657 heare
181 2588 335 2673 digneris

112 2692 151 2774 tl·
181 2697 226 2760 ‘le
243 2694 414 2777 rogamus,
438 2689 513 2758 audi
534 2707 606 2755 nos.

110 2793 236 2874 Quibus
258 2794 366 2876 dictis,
397 2802 433 2860 ut
460 2796 549 2878 prius
572 2794 771 2876 genuflectit,
797 2789 987 2856 cantoribus
1014 2790 1102 2852 Lita-

47 2901 114 2965 nias
137 2900 385 2985 perficientibus.
411 2902 533 2982 Quibus
556 2901 674 2981 linitis,
698 2906 832 2981 surgunt
856 2916 982 2977 omncs,
1001 2903 1033 2958 et
1049 2896 1103 2959 Sa-

48 3007 183 3087 cerdos,
207 3015 338 3091 accepto
362 3008 531 3092 aspergillo
557 3026 629 3071 cum
648 3011 740 3090 aqua
762 3005 949 3083 benedicta,
973 3001 1106 3067 inchoat

48 3112 279 3196 Antiphonem:
319 3112 475 3197 llsperges
490 3126 564 3193 me,
579 3108 731 3190 Diniae,
748 3106 891 3192 hyssopo
901 3111 1011 3187 ,Claro
1022 3127 1100 3193 pro·

48 3225 200 3300 souuerse
212 3268 221 3297 ‚
256 3224 289 3284 et
303 3216 505 3283 mundtborc
522 3215 646 3282 lavabis
660 3231 733 3298 me,
750 3218 783 3278 et
799 3229 893 3298 super
907 3212 1013 3276 nivem
1025 3208 1111 3276 deal·

55 3324 189 3392 babor:

119 3430 235 3495 Psalm.
265 3430 426 3496 Miserere.
447 3431 502 3493 99.
528 3428 644 3493 dicitur
665 3435 753 3492 totus
767 3428 833 3492 sinc
860 3421 969 3489 Glbria
989 3421 1088 3485 Patri.

116 3538 152 3601 ln
176 3535 238 3600 fine
262 3539 415 3619 repetitur
435 3535 639 3618 antiphona,
669 3530 826 3618 bsperges
847 3547 919 3611 me,
943 3533 1005 3595 eis.
1125 3552 1129 3560 ’

114 3645 199 3708 Dum
226 3643 292 3707 baec
320 3642 486 3723 dicuntur,
514 3642 666 3706 Sacerdos
692 3643 803 3704 circuit
823 3645 926 3703 totum
950 3638 1106 3703 Goemete-

50 3754 151 3831 rium,
176 3751 329 3832 incipiens
351 3751 392 3814 ad
414 3749 481 3833 ojus
497 3748 675 3826 dexteram,
692 3765 862 3832 aspergens
879 3744 998 3827 ubique
1017 3746 1109 3826 Aqua

50 3855 239 3936 benedicta,
263 3857 434 3940 prasertim
457 3855 608 3935 intono,
631 3855 689 3918 nbi
711 3855 841 3917 violatio
864 3852 1031 3916 commissa
1048 3854 1105 3913 est.

52 3961 120 4040 Quo
144 3967 296 4046 peracto,
320 3962 404 4025 rodit
428 3961 468 4027 ad
490 3962 597 4026 locum
619 3960 674 4025 ubi
697 3961 825 4025 bitania
848 3957 939 4022 dicte
960 3956 1109 4035 fuerunt,

52 4074 81 4129 ct
103 4069 149 4133 ibi
172 4074 259 4132 stans
281 4066 380 4131 dicit:
416 4061 560 4129 oremus.
