2782 4696
711 368 748 442 O
775 369 809 445 R
838 370 871 443 ll
899 369 937 444 0

584 574 858 644 SUPPLENDI
885 573 1061 645 ontssl

761 779 889 827 SUPER

410 976 857 1077 navrlznwat
893 975 1234 1074 ADULTUM

693 1214 957 1275 m

303 1445 369 1608 In
391 1535 502 1618 primis
527 1532 680 1599 Sacerdos
704 1533 834 1599 indutus
857 1533 1083 1619 superpelliceo
1112 1543 1144 1600 et
1168 1538 1280 1616 stola,
1303 1539 1349 1603 rel

305 1643 401 1706 etiam
425 1639 558 1724 pluviali
585 1637 720 1704 violacei
743 1638 862 1704 coloris
885 1657 958 1705 eum
982 1643 1047 1705 sacis
1075 1640 1204 1705 clericis
1233 1642 1351 1706 accedit

305 1747 346 1813 ad
366 1747 484 1831 gradus
502 1746 641 1828 Altaria,
660 1750 692 1809 et
708 1744 841 1828 genibus
861 1744 963 1825 ilcan,
988 1747 1057 1830 pias
1075 1755 1182 1812 mente
1199 1747 1241 1812 ad
1255 1748 1351 1811 Deam

304 1872 415 1937 prcecs
436 1850 572 1917 effundit
593 1856 630 1915 ut
650 1868 773 1917 sacram
791 1850 947 1916 actionem
967 1850 1064 1934 digne
1082 1851 1188 1917 valeat
1207 1852 1348 1936 explere3

305 1966 338 2024 ot
362 1956 403 2024 od
424 1955 660 2041 implorandum
680 1955 824 2023 divinum
845 1955 996 2022 auritium
1015 1974 1147 2042 surgens
1172 1976 1208 2022 sc
1228 1958 1348 2042 signat,

305 2066 379 2129 etsi
395 2064 548 2148 temporis
565 2063 647 2128 ratio
662 2061 745 2128 ferat
765 2061 845 2128 dicit
855 2057 893 2136 e.
915 2072 1001 2138 nem
1018 2069 1055 2135 in
1075 2064 1274 2155 adjutorium
1287 2069 1344 2134 cte.

304 2188 377 2236 cum
396 2172 473 2234 Ant.
496 2169 580 2234 Psal.
605 2163 668 2242 ll·
693 2175 726 2233 et
747 2168 959 2250 orationibus,
976 2175 1127 2253 utsupra
1145 2170 1180 2236 in
1195 2170 1349 2255 Baptismo

305 2275 497 2342 adultorum·
507 2280 638 2339 notatur
651 2273 709 2339 fol.
728 2276 782 2337 21.

370 2380 492 2445 Deinde
510 2379 662 2446 Sacerdos
681 2379 828 2464 procedit
843 2379 884 2445 ad
900 2380 986 2445 iores
1000 2381 1170 2463 Ecclesiae,
1189 2386 1223 2446 et
1241 2386 1303 2446 stat
1320 2381 1347 2442 in

304 2487 429 2571 limine,
447 2485 686 2552 catechirandus
701 2505 778 2552 vero
801 2492 890 2552 extra
904 2486 1011 2553 limen.
1026 2489 1068 2552 Et
1088 2490 1115 2553 si
1136 2495 1211 2553 sunt
1227 2487 1345 2573 plures,

304 2611 423 2675 marco,
447 2600 480 2659 et
500 2593 651 2676 foemina,
672 2593 718 2657 illi
738 2591 780 2657 ad
802 2592 961 2659 dexteram
984 2592 1180 2678 Sacerdotis,
1203 2594 1253 2662 hae
1278 2609 1345 2660 vero

305 2699 346 2764 ad
362 2680 518 2766 sinistram
531 2705 728 2783 statuantur3
746 2703 779 2764 et
792 2697 944 2767 Sacerdos
958 2701 1144 2782 interrogat.

370 2819 442 2898 Quo
462 2814 590 2881 nomino
611 2807 767 2877 vestrm
909 2799 918 2814 “
1012 2895 1018 2908 .

370 2911 496 2974 Electus
518 2908 709 2993 respondet:
734 2910 773 2975 N.
993 2946 996 2951 ·

370 3013 541 3078 Sacerdos:
565 3015 603 3077 Ν.
627 3019 706 3107 quid
728 3019 814 3106 petis
835 3016 877 3085 ab
901 3015 1040 3084 ltocldda
1063 3016 1150 3084 Dei?

370 3124 409 3204 Rl·
431 3130 554 3199 Fidem.

346 3286 349 3291 .
369 3222 532 3288 sacerdos.
557 3231 676 3316 Fide,
700 3228 779 3316 quid
801 3229 862 3296 tint
883 3225 1041 3315 prestat?

370 3338 408 3418 nl.
432 3343 540 3408 Vitam
561 3339 720 3405 ammam,

370 3438 532 3506 Sacerdos.
549 3445 583 3512 Si
595 3444 645 3510 vis
657 3440 777 3509 trahem
790 3440 889 3507 ritem
904 3439 1073 3520 aternam,
1090 3453 1183 3504 aava
1193 3435 1352 3506 madito.

305 3551 830 3641 Diligesllominumlleumtnnm
847 3541 1172 3629 extotocordetno,
1189 3548 1355 3611 etutote

307 3665 498 3743 mimam,
520 3664 553 3724 ct
568 3676 608 3724 ex
624 3660 812 3723 muniente
825 3659 901 3737 ora,
917 3650 1144 3739 etprdxinum
1163 3656 1259 3717 taam
1274 3648 1355 3716 daut

305 3771 461 3856 teipsum:
478 3768 514 3833 in
525 3765 577 3831 his
591 3761 720 3830 dnobus
736 3759 894 3828 mandttis
905 3765 976 3826 tota
987 3759 1053 3825 Lex
1067 3755 1203 3842 pendet,
1224 3761 1259 3824 ct
1277 3756 1356 3823 Pro-

306 3875 423 3963 pheta.
436 3861 1356 3950 Fidccautemeet,ntunnm1)eumin‘lrinitdte,etlni·

307 3983 440 4049 nitttem
458 3980 493 4045 in
511 3977 639 4044 Unittte
649 3975 827 4058 sennem,
844 3990 950 4058 neque
962 3968 1189 4039 eonfnnddndo
1205 3967 1356 4056 persdnu

308 4105 414 4174 neque
427 4083 633 4153 abstentiam
646 4080 834 4170 sepcrtndo.
850 4080 919 4148 Alia
928 4084 976 4148 est
988 4078 1072 4147 caim
1085 4077 1225 4165 pendae
1236 4073 1355 4157 Patria,
