2782 4696
402 392 672 473 FORMULAE
698 384 1001 474 SCRIBENDAE

442 605 476 669 ln
491 601 578 669 libris
592 600 774 672 habrmiisa
793 604 951 671 raroalns.

580 818 818 877 mittam

171 962 275 1154 l{ihm
295 1012 498 1084 Baptizatomm
522 1012 656 1072 habeatur
675 1016 707 1071 in
734 1014 881 1086 Ecciasiis,
907 1014 936 1070 in
963 1013 1064 1088 quibus
1085 1013 1227 1072 confertur

196 1099 323 1171 aptisma.

226 1187 311 1244 Liber
330 1187 562 1247 Confirmatomm
581 1189 716 1248 habeatur
735 1189 933 1262 intaminatis,
951 1189 1099 1264 inquibus
1116 1187 1225 1247 contar·

172 1281 220 1331 tur
242 1276 378 1334 chrisma.
1108 1292 1114 1312 ⁴

225 1364 310 1422 Liber
331 1367 582 1424 Matrimoniomm.

223 1452 307 1510 Liber
326 1454 421 1512 Status
443 1456 609 1512 animarum.
856 1489 893 1546 Hi
915 1497 971 1546 tm
991 1488 1147 1547 habeamur

224 1540 308 1597 Liber
339 1541 542 1600 namnetorum
571 1541 726 1600 habeantur
838 1577 996 1651 aquom
1013 1577 1147 1635 pamm

171 1628 256 1686 stiam
267 1631 298 1686 in
315 1631 446 1688 omnibus
459 1632 608 1703 Emissiis,
621 1633 651 1688 in
661 1632 723 1706 qui·

170 1716 224 1774 bus
243 1717 368 1776 defuncti
386 1719 566 1793 sepeliuntur.

223 1804 357 1864 Advertat
377 1808 408 1864 in
427 1807 525 1879 primis
545 1807 700 1877 Panaenus,
723 1815 757 1864 ut
777 1806 902 1864 inlibris
920 1814 978 1863 tam
999 1805 1225 1879 Ranisstorum,

170 1899 200 1949 et
219 1892 473 1965 confirmatam,
490 1911 575 1968 quam
588 1895 854 1965 matrimoniorum,
876 1903 904 1952 et
914 1892 1115 1952 Defunctomm
1135 1894 1225 1967 aspri·

170 1989 231 2037 mat
249 1997 426 2054 sempernon
443 1984 535 2041 solum
547 1998 649 2041 noman
668 1998 865 2056 personarum,
887 1997 951 2057 qma
965 1980 1005 2040 ibi
1024 1982 1225 2051 nominantur,

169 2066 219 2124 sad
240 2069 323 2125 etiam
344 2069 491 2128 familiam.

279 2245 390 2308 Forma
417 2240 615 2310 «inscribendi
637 2242 815 2328 Baptizatos
828 2245 861 2309 in
875 2244 978 2328 primo
993 2240 1102 2308 Libro.
1185 2274 1188 2281 ·

244 2425 309 2471 nno
335 2408 524 2474 Domini
550 2408 603 2474 (lie
691 2409 868 2474 mensis
899 2425 960 2492 ago
986 2411 1025 2473 N.
1060 2405 1223 2473 Parorhns

230 2510 339 2596 nujus
367 2514 513 2579 Ecclesia
538 2517 570 2578 S.
603 2517 640 2579 N.
672 2515 833 2595 civitatis,
853 2515 904 2579 val
940 2513 1004 2579 loci
1035 2513 1075 2577 N.
1115 2512 1225 2598 bapti·

169 2617 238 2680 zari
259 2617 412 2683 infantem
435 2626 545 2684 natum
567 2618 618 2685 die
707 2621 756 2685 vel
784 2625 892 2684 natam
913 2636 953 2682 ex
971 2619 1010 2683 ii.
1039 2625 1073 2683 at
1091 2619 1129 2683 N.
1148 2634 1226 2682 aon·

166 2720 298 2805 jugibus
311 2721 590 2807 hujusParochiae,
624 2724 673 2788 vei
693 2723 856 2790 Paroahioe
864 2725 895 2788 S.
909 2724 947 2788 N.
981 2729 1013 2787 et
1034 2741 1073 2787 ex
1094 2721 1150 2787 taii
1165 2740 1225 2806 pa·

170 2826 257 2908 tria,
275 2834 308 2892 et
324 2828 468 2912 familia,
493 2831 545 2895 aui
557 2831 745 2914 impositum
757 2837 805 2895 ast
821 2848 937 2895 noman
948 2829 987 2894 N.
1020 2828 1141 2895 Patrini
1152 2827 1225 2893 iae·

168 2941 245 2998 runt
263 2936 302 2999 N.
334 2934 417 3000 iilius
439 2940 476 3001 N.
504 2955 542 3002 ex
563 2936 741 3019 Paroraia,
759 2953 813 2999 sau
837 2937 911 3000 loro
931 2935 999 3017 N.,
1022 2934 1108 3000 etit.
1141 2951 1223 3000 con·

165 3037 225 3120 jux
240 3041 280 3104 Ν.
308 3040 373 3105 filia
394 3040 434 3106 N.
466 3060 504 3106 es
525 3042 708 3124 Parachia‚
727 3056 783 3104 seu
809 3041 883 3107 loco
900 3039 940 3104 it.

232 3149 261 3208 Si
287 3145 390 3210 inians
411 3165 478 3211 non
506 3145 602 3214 inerit
632 3163 671 3212 ex
700 3145 841 3228 legitimo
870 3142 1073 3212 matrimonio
1103 3150 1220 3227 natus,

168 3269 285 3314 nomen
307 3252 418 3316 saltem
440 3251 571 3318 alterius
592 3252 753 3335 parentis,
778 3249 818 3315 da
841 3268 907 3334 quo
930 3256 1079 3333 constat,
1103 3250 1221 3316 sariba·

166 3364 219 3418 tur
250 3358 368 3431 (oannis
396 3364 503 3421 tamen
534 3357 669 3422 infamia·
695 3357 812 3420 vitetur
833 3356 996 3434 necarint:
1029 3357 1056 3418 si
1082 3372 1158 3421 vero
1181 3354 1222 3420 dr.

167 3468 280 3526 neutro
304 3479 370 3525 non
394 3468 541 3544 ronstat‚·
573 3465 618 3529 ita
646 3459 823 3528 scribatur:
859 3469 1020 3552 Baptizavi
1047 3465 1223 3551 infantam,

169 3569 260 3655 nujus
282 3579 428 3655 parentes
449 3574 660 3656 ignorantur,
685 3580 793 3639 natum
818 3573 893 3658 die,
917 3581 978 3639 etc.
999 3571 1165 3649 utsupra·

231 3673 261 3737 Si
285 3674 449 3756 expositus
469 3673 512 3738 sit
533 3673 660 3757 inians,
685 3673 881 3756 exprimatur
902 3688 969 3754 quo
992 3670 1072 3754 die,
1095 3671 1172 3753 nbi,
1190 3677 1223 3736 et

164 3799 184 3843 a
206 3794 272 3861 quo
295 3786 460 3862 rapertus,
484 3786 518 3843 nt
539 3786 620 3863 quot
642 3780 766 3844 diarum
787 3777 1001 3842 verisimiliter
1020 3778 1086 3858 sit3
1109 3783 1141 3840 at
1163 3776 1222 3841 ha·

165 3884 303 3963 miretur
325 3883 385 3947 suh
409 3884 616 3966 conditione,
639 3886 665 3948 si
688 3886 856 3966 ignoratur
878 3883 973 3947 fuisse
989 3882 1197 3965 baptizatum.

229 3989 261 4050 Si
283 3988 387 4052 inians
410 3988 497 4053 domi
520 3989 563 4054 ob
587 3990 754 4055 imminens
776 3989 890 4055 mortis
911 3988 1086 4073 periculum
1113 3987 1221 4071 bapti·

163 4098 249 4158 ratus
278 4093 337 4172 sit,
368 4101 445 4161 tnnc
468 4094 510 4161 ita
538 4096 707 4162 scribatur.
