2812 5070
308 631 371 695 262
659 614 782 677 llituale
796 615 993 709 *lluntanunn

308 756 530 819 Coemcteriurn
545 756 683 838 purgdre
698 801 707 835 ,
735 759 767 816 ct
782 752 863 818 bane
878 747 913 813 ’Β
953 751 1057 817 diccrc
1072 751 1236 836 digneris,
1251 754 1294 817 Ta
1305 773 1357 818 rc·

307 863 440 942 gamus,
469 860 544 926 nudi
570 878 641 925 nos.
667 843 785 909 Deinde
807 844 986 923 Sacerdos,
1009 850 1046 907 ut
1072 845 1182 928 prius,
1219 844 1351 927 genulia-

300 955 381 1033 ctit,
408 962 441 1017 et
460 953 590 1018 bitania
621 950 841 1035 perficiuntur.

366 1058 487 1139 Quibus
508 1058 623 1139 linitis,
647 1064 783 1140 surgunt
814 1076 948 1137 omncs,
982 1064 1015 1121 et
1044 1055 1196 1123 Sacerdos
1226 1057 1351 1122 Crucem

301 1166 441 1250 aspergit
467 1165 559 1247 Aqua
581 1162 773 1245 benedicta,
800 1164 908 1228 dicens
930 1163 1171 1249 Antiphonam:
1209 1175 1359 1258 espasge,

307 1301 379 1363 me,
396 1282 551 1363 deinc,
569 1280 735 1365 hyssdpo,
760 1285 793 1344 ct
808 1278 1008 1345 mundabor:
1026 1277 1150 1345 lavabis
1166 1298 1219 1345 me
1234 1327 1244 1363 ,
1262 1287 1294 1347 st
1309 1299 1357 1346 sn·

307 1408 366 1473 per
389 1390 496 1454 nivem
518 1386 706 1452 dealbabor.

368 1477 481 1543 Psalm.
517 1494 675 1558 Miseram,
704 1480 759 1542 99.
794 1477 910 1542 dicitur
941 1481 1029 1541 totus
1058 1476 1099 1541 ab
1131 1475 1351 1553 adstantibus,

301 1602 375 1650 cum
405 1600 515 1665 Glari,
536 1599 635 1666 Patri,
659 1582 730 1662 Quo
747 1582 854 1662 dieto,
882 1583 1039 1666 repetitur
1058 1582 1259 1665 Antiphona.
1276 1586 1352 1648 Dum

299 1689 417 1755 dicitur
438 1688 602 1770 Psalmus,
627 1690 779 1754 Sacerdos
802 1692 936 1770 circuit,
961 1697 993 1752 ut
1016 1688 1221 1770 perambulat
1256 1695 1351 1754 tutum

300 1796 543 1876 Coemeterium,
568 1796 720 1880 incipiens
744 1794 785 1859 ad
806 1794 873 1878 ejus
893 1794 1076 1877 dexteram,
1101 1812 1277 1879 aspergens
1290 1794 1352 1859 ubi·

301 1920 364 1986 que
384 1904 477 1986 Aqua
502 1901 684 1967 benedicta:
712 1920 777 1984 quo
802 1901 913 1981 iacto,
938 1902 1021 1966 redit
1042 1908 1113 1966 ante
1143 1902 1302 1981 Crucem,
1322 1905 1351 1963 et

303 2007 345 2073 ad
367 2008 468 2091 insum
492 2008 684 2090 respiciens,
709 2006 810 2070 dicit:

763 2116 909 2194 Oramus.

304 2225 466 2387 Deus,
493 2234 550 2317 qui
567 2252 601 2299 es
622 2235 722 2299 tutius
742 2232 831 2298 orbis
848 2233 1022 2316 csndttor,
1039 2240 1073 2301 et
1087 2233 1221 2301 humdni
1243 2237 1359 2319 gdnm'm

306 2378 315 2387 -
388 2339 603 2423 Redemptor,
628 2341 879 2423 cunctarquue
900 2342 1116 2406 creaturarum
1138 2339 1312 2406 visibilium
1329 2346 1358 2406 et

305 2442 512 2509 invisibilium
523 2444 683 2528 perlectus
696 2443 888 2528 dispdsitor:
905 2452 938 2510 tc
954 2446 1089 2531 supplici
1104 2462 1208 2531 roes,
1227 2465 1266 2512 ac
1280 2465 1357 2531 pure

305 2549 404 2615 corda
428 2551 647 2635 cxpdscimus,
671 2557 708 2615 nt
729 2551 793 2617 hoc
814 2553 1055 2636 Coemcttirium,
1078 2554 1113 2618 in
1132 2569 1200 2636 quo
1223 2553 1357 2619 famulu-

304 2673 398 2737 rnm,
422 2657 677 2741 famularumque
705 2661 832 2723 tuarum
861 2659 999 2743 cdrpora
1030 2659 1194 2743 quiescere
1223 2659 1357 2741 debent,

303 2768 379 2845 post
394 2763 552 2826 curricula
566 2761 663 2847 hujus
675 2764 748 2829 vitm
762 2763 923 2846 labentia,
947 2783 1010 2849 pur
1044 2759 1076 2822 ›t‹
1096 2767 1199 2849 gara,
1216 2765 1300 2832 bene
1324 2758 1354 2824 ’Β

304 2865 431 2949 dicere,
453 2874 486 2932 et
503 2870 604 2933 sancti
633 2870 665 2932 ii*
690 2869 787 2934 ficare
813 2869 968 2952 digneris:
1003 2871 1124 2955 quique
1146 2872 1359 2938 ranissidnem

303 2975 446 3039 omnium
469 2977 674 3057 peccaturum
698 2994 758 3059 per
778 2982 865 3040 tuam
887 2995 1032 3058 magnam
1052 2977 1309 3045 miscriadrdiam
1327 2980 1358 3043 in

303 3081 978 3166 teconlidentibuspraestitisti,corpdribus
987 3084 1357 3168 qnoquecdrurninhcc

303 3187 492 3253 Coemetdrio
506 3187 763 3271 quiescentibus,
781 3194 814 3253 et
827 3190 939 3255 tubam
953 3190 1048 3275 primi
1060 3191 1257 3276 Archangeli
1270 3210 1356 3276 expa-

303 3294 484 3374 ctantibus,
502 3295 753 3360 consolatidnem
764 3298 953 3379 perpetuam
966 3297 1097 3381 largiter
1109 3299 1288 3385 impartire.
1299 3301 1355 3366 Per

304 3397 463 3465 Christum
478 3399 651 3467 deinum
668 3407 825 3466 nostrum.

373 3493 411 3571 ll·
428 3508 542 3570 Amen.
1165 3548 1169 3553 -

370 3596 458 3660 Tunc
479 3597 549 3679 tigit
568 3598 600 3661 in
626 3598 805 3660 summitate
827 3597 936 3660 Crucis
957 3614 1053 3661 uuam
1070 3596 1231 3662 extribus
1250 3595 1353 3661 canda·

305 3699 573 3783 usercensibus,
598 3708 630 3765 at
652 3702 726 3765 alias
749 3702 827 3766 duas
848 3702 993 3766 similiter
1013 3701 1160 3766 ardentes
1181 3704 1215 3766 in
1239 3700 1353 3768 duobus

306 3804 444 3872 brachiis
463 3807 603 3892 ejusdcm
624 3810 742 3873 Crucis.
772 3810 893 3874 Deinde
915 3812 1056 3874 incensat
1080 3811 1184 3893 ipsam
1208 3811 1352 3885 Crucem,

306 3917 338 3974 ct
360 3930 530 3996 aspergens
553 3918 643 3997 Aqtra
667 3915 857 3991 benedicta,
881 3916 965 3981 redit
992 3933 1065 3981 cum
1091 3918 1243 3981 ministris
1258 3917 1289 3979 in
1310 3933 1353 3978 sa·

307 4017 455 4082 cristiarn.
