2782 4696
353 247 395 304 lle
419 244 616 306 Suct‘atttoulo
642 240 800 320 baptismi.
1088 250 1107 312 7

58 369 211 432 actaeque
229 368 298 416 tunc
315 359 401 417 ullam
420 358 587 416 oonnahunt
610 361 825 431 cognationem,
845 373 919 435 ‘quae
937 363 1106 421 matrimonii
1207 431 1211 440 ⁸

59 465 143 505 usum
162 447 303 519 impediat.

347 634 387 675 itt:
411 631 623 676 utr'ttztttttts
635 588 816 676 xl‘lhllVUle.

67 763 243 878 Opportune
261 803 400 860 Paroolrus
418 803 542 869 hortetur
559 819 626 872 eos,
646 804 680 861 ad
699 821 768 877 quos
787 822 818 864 ea
836 823 902 864 eura
922 810 1057 880 pertinet,
1076 819 1110 867 ut

59 902 140 950 natos
161 892 302 973 infantes,
325 893 381 949 sive
401 891 598 966 baptizandos,
620 894 676 951 site
700 894 877 967 baptizatos,
901 899 1108 970 quamprimum

59 982 120 1037 fieri
133 981 250 1054 poterit,
262 996 293 1037 ea
305 996 360 1053 qua
371 980 449 1039 decet
461 983 618 1040 Christiana
633 982 766 1040 modestia
785 985 846 1041 sine
864 1001 971 1057 pompae
988 989 1109 1045 raninto

59 1068 187 1127 deferant
199 1068 234 1126 all
246 1070 414 1140 Ecclesiam,
427 1088 462 1128 ne
472 1072 528 1128 illis
540 1073 748 1130 Sacramentum
762 1081 905 1144 tantopere
921 1077 1107 1134 necessarium

60 1158 180 1214 nimium
206 1157 351 1214 differatur
369 1175 432 1214 cum
453 1160 574 1231 periculo
592 1160 709 1228 salutis,
727 1167 756 1218 et
773 1169 806 1217 nt
824 1161 879 1230 iis,
898 1163 947 1234 qui
963 1179 996 1220 ex
1012 1179 1109 1223 neom·

59 1246 141 1302 sitate
154 1247 282 1318 privatim
292 1245 421 1318 baptizati
440 1257 526 1316 sunt,
546 1257 684 1305 consuetae
702 1250 893 1318 caeremoniae,
910 1251 1035 1324 ritusque
1045 1268 1110 1325 sup·

61 1336 208 1407 pleantur,
229 1335 329 1393 omissa
348 1334 435 1392 forma
453 1346 482 1394 et
499 1337 651 1396 ablutione.
990 1376 995 1386 ·

63 1471 65 1474 .
113 1426 200 1480 Nemo
218 1423 249 1479 in
270 1431 350 1480 utero
375 1426 471 1480 matris
495 1425 607 1482 clausus
628 1424 762 1498 baptizari
785 1424 875 1483 debet.
895 1426 950 1484 Sed
971 1428 994 1484 si
1015 1429 1109 1487 insons

59 1520 146 1582 caput
167 1509 307 1579 emiserit,
325 1517 353 1566 et
371 1507 525 1583 pericnlum
544 1514 640 1568 mortis
658 1514 823 1581 immineat,
844 1513 998 1587 baptizetur
1015 1515 1044 1572 in
1062 1532 1109 1575 oa·

60 1601 139 1670 pite,
158 1614 210 1654 neo
226 1606 318 1670 postea
338 1600 362 1656 si
380 1599 455 1656 rivus
473 1601 609 1668 evaserit,
629 1602 681 1657 erit
699 1600 798 1658 iterum
817 1601 1010 1675 baptizandus.
1030 1608 1068 1660 At
1084 1604 1110 1661 si

59 1686 138 1742 aliud
158 1686 314 1744 membrum
332 1686 475 1755 emiserit,
496 1687 571 1759 quod
590 1687 700 1744 vitalem
721 1688 824 1745 indicet
843 1696 970 1758 motum,
989 1691 1108 1763 inilia,

58 1775 84 1831 si
104 1776 258 1846 perieulum
276 1774 454 1846 impendeat,
473 1774 649 1846 baptizetur3
668 1785 696 1832 et
715 1785 782 1833 tunc
795 1778 819 1834 si
830 1784 913 1834 natus
929 1778 1025 1835 vixerit
1037 1790 1045 1846 ,
1057 1779 1111 1837 erit

59 1863 114 1919 sub
133 1863 291 1920 conditione
309 1861 489 1936 baptizandus
507 1878 539 1919 eo
558 1863 639 1921 modo
657 1905 666 1932 ,
687 1880 743 1937 quo
766 1880 849 1937 supro
870 1864 974 1924 (lictum
991 1875 1034 1923 est
1052 1885 1060 1923 ε
1078 1872 1111 1926 Sl

58 1969 117 2008 ooo
134 1969 163 2008 es
181 1952 365 2025 baptisatus,
386 1968 437 2024 eqo
456 1952 616 2024 recoopttzo
633 1956 664 2008 io
680 1957 793 2008 nomine
803 1945 908 2010 lr’orro
918 1997 927 2022 ,
939 1958 992 2010 etc.
1005 1956 1035 2011 Si
1046 1971 1110 2014 tero

60 2043 99 2097 ita
119 2041 273 2114 baptizatus
285 2083 293 2110 ,
307 2039 409 2098 deinde
428 2040 555 2097 mortuus
577 2041 710 2114 prodierit
732 2057 764 2098 ex
782 2049 880 2110 utero,
898 2041 981 2100 debet
999 2045 1029 2099 in
1048 2043 1110 2100 loco

60 2145 139 2186 sacro
156 2130 275 2203 sepeliri.
924 2142 926 2146 ⁴

113 2220 143 2274 Si
162 2227 249 2276 mater
266 2233 413 2293 praegnans
431 2226 539 2275 mortua
560 2217 668 2284 luent,
690 2218 773 2276 ioetus
799 2223 1005 2295 quamprimum
1031 2230 1111 2280 caute

60 2309 240 2377 extrahatur,
261 2324 294 2365 ac
311 2309 335 2365 si
353 2309 429 2365 vivus
448 2304 548 2374 fuerit,
572 2307 747 2380 baptizetur:
768 2308 793 2364 si
812 2307 901 2366 fuerit
918 2318 1065 2377 mortuus,
1083 2317 1112 2367 et

60 2395 192 2468 baptizari
210 2413 268 2454 non
284 2397 424 2469 potuerit,
440 2399 472 2453 in
488 2397 550 2453 loco
569 2411 646 2452 sacro
664 2396 773 2468 sepeliri
791 2412 848 2453 non
865 2397 956 2454 debet.

116 2484 239 2541 infantes
256 2486 370 2558 expositi
388 2493 416 2541 et
433 2485 555 2550 inventi,
575 2484 599 2540 si
618 2500 648 2539 re
666 2482 814 2556 diligenter
831 2485 993 2556 investigata
1011 2483 1049 2541 ‹lo
1064 2500 1111 2542 eo·

62 2588 125 2628 rum
143 2575 283 2646 Baptismo
304 2589 362 2630 non
378 2582 502 2640 constet,
519 2573 572 2628 sub
589 2570 748 2629 conditione
767 2570 950 2644 baptizentur.

117 2663 150 2717 ln
169 2663 299 2719 monstris
318 2678 383 2719 tero
398 2660 591 2735 baptizandis,
612 2661 636 2716 si
655 2676 735 2716 casus
753 2660 881 2728 eveniat,
901 2675 1000 2731 magna
1019 2662 1111 2718 cauho

63 2749 221 2807 adhibenda
241 2757 305 2825 cst,
325 2749 361 2806 de
380 2765 436 2822 quo
456 2750 479 2805 si
499 2764 569 2822 opus
590 2747 699 2814 fuerit,
722 2746 889 2802 ordinarius
907 2748 983 2815 loci,
1002 2747 1044 2803 rel
1061 2748 1111 2805 alii

64 2837 145 2908 periti
163 2836 362 2905 consulantur,
384 2838 439 2894 nisi
463 2838 559 2893 mortis
573 2835 727 2908 periculum
745 2834 898 2892 immineat.
1004 2859 1011 2869 ·
1041 2839 1043 2843 ’

116 2927 292 2992 Monstrum,
310 2924 383 2997 quod
403 2926 553 2980 humanam
571 2925 689 2994 speciem
708 2938 765 2978 non
783 2921 960 2994 praeseferat,
979 2921 1111 2994 baptizari

63 3027 121 3068 non
140 3010 245 3079 debet,
264 3011 374 3085 dequo
394 3014 417 3068 si
438 3011 555 3068 dubium
577 3011 683 3079 luerit,
702 3011 859 3084 baptizetur
875 3009 927 3067 sub
946 3009 998 3066 hac
1015 3007 1112 3066 condi·

63 3102 158 3158 bone:
177 3104 209 3156 Sl
226 3104 258 3155 tu
275 3117 304 3156 es
322 3101 425 3168 bomo,
448 3117 498 3171 epo
514 3104 541 3156 te
561 3100 699 3171 baptiso,
716 3103 770 3154 ets.

119 3187 193 3243 lllud
211 3203 295 3254 tero,
312 3187 347 3244 de
365 3203 421 3259 quo
440 3185 554 3243 dubium
575 3195 638 3253 est,
658 3202 714 3243 una
734 3203 786 3253 ne,
806 3194 855 3242 aut
874 3186 965 3257 plures
982 3184 1118 3261 simper-¹

63 3292 156 3344 sonae,
172 3293 230 3335 non
248 3276 423 3350 baptizetur,
445 3274 533 3331 donec
553 3274 582 3330 id
604 3274 794 3332 discernatur:
814 3274 934 3331 discerni
952 3281 1044 3330 antem
1064 3264 1119 3347 po?

64 3372 140 3432 test,
161 3366 184 3420 si
205 3363 305 3421 habeat
322 3379 412 3420 unum
429 3362 470 3418 rel
487 3363 567 3433 pluro
588 3363 697 3434 capita,
715 3376 803 3418 unum
823 3362 865 3418 vel
884 3362 963 3433 plura
983 3368 1112 3432 pectora;

65 3463 135 3509 tune
152 3454 227 3509 enim
245 3452 360 3509 totidem
378 3459 460 3508 erunt
477 3449 560 3507 corda
578 3459 607 3506 et
623 3452 746 3515 animae,
767 3449 949 3521 hominesque
966 3447 1113 3517 distincti,

64 3548 94 3596 et
113 3556 146 3596 eo
166 3554 231 3597 casu
249 3539 353 3611 singuli
375 3554 498 3596 seorsum
519 3547 586 3595 sunt
601 3536 759 3609 bapurandi
774 3577 783 3602 ,
801 3537 954 3609 unicuique
970 3534 1111 3592 dicendo:

64 3635 127 3701 Epo
146 3632 173 3683 te
191 3628 325 3700 baptiso,
343 3631 397 3684 etc.
409 3629 512 3684 sivero
530 3626 683 3699 perieulum
703 3625 799 3682 mortis
817 3626 980 3691 immineat,
993 3631 1115 3697 tempus·

36 3737 39 3743 ¹
64 3732 119 3788 que
137 3731 195 3772 non
212 3722 357 3789 suppetat,
376 3723 409 3772 ut
425 3715 528 3788 singuli
553 3714 702 3786 separatim
727 3713 922 3786 baph‘rentor,
942 3712 1044 3784 poterit
1062 3711 1115 3768 mi·

64 3806 154 3862 nister
168 3805 343 3877 singulorum
363 3804 499 3876 capitibus
516 3818 617 3874 aquam
635 3800 785 3860 tanatem
802 3816 899 3858 omnes
916 3799 1001 3857 simul
1023 3799 1116 3873 bapti-

65 3909 149 3960 zare,
168 3891 303 3949 dicendo:
325 3899 386 3965 Epo
406 3909 454 3947 oos
475 3892 590 3964 baptizo
612 3894 643 3946 lo
664 3893 778 3946 aomina
797 3893 918 3957 Patris,
934 3889 1072 3958 etFr'ls'l,
1089 3891 1120 3943 et

64 3984 192 4053 Spiritus
209 3985 317 4038 Sancti.
335 3982 427 4053 Quam
446 3988 539 4037 umen
558 3978 675 4036 sormam
693 3977 724 4035 in
741 3978 776 4035 iis
795 3977 887 4036 solum
898 4018 906 4045 ,
918 3984 948 4034 et
964 3978 994 4033 in
1008 3973 1118 4032 aliisal-

66 4069 180 4127 milibus
198 4070 294 4126 mortis
312 4069 442 4141 perieulis
459 4066 495 4123 ad
513 4067 607 4141 plures
626 4065 710 4122 simul
731 4065 973 4137 baptizandos,et
984 4063 1033 4122 ubi
1047 4070 1117 4119 tem·
