2782 4696
526 266 644 325 triente
671 270 844 329 idunmmm

509 473 547 513 tri-j
574 475 684 518 irritetis
712 478 875 521 resistitur.

172 606 337 720 Quoniam
354 641 488 716 Baptismi
505 641 593 698 torma
615 640 658 697 his
671 638 760 697 verbis
777 653 917 712 exprme:
931 642 992 710 Epo
1010 640 1037 694 te
1054 637 1174 708 sapesso
1191 639 1222 692 ts

167 735 280 790 oonrioe
297 733 414 800 Patris,
437 733 466 786 et
486 729 577 799 Filii,
602 731 632 786 et
651 731 777 800 opertos
793 730 913 794 Sancti,
931 725 1046 782 omniuo
1063 725 1222 782 neeessaris

169 828 233 885 est,
256 819 318 876 ideo
338 836 397 876 eum
417 819 496 876 nulio
515 817 598 875 modo
613 818 678 874 lieet
692 825 818 887 mutue,
837 815 887 873 sed
904 815 1000 872 eedem
1019 813 1101 871 rerba
1118 829 1178 870 nno
1194 820 1223 870 et

168 906 266 964 eodem
285 916 480 980 temporeque
502 907 535 963 iit
553 906 660 964 ablutio
680 903 888 978 pronuncianda
908 911 985 961 sunt.

220 995 338 1051 Latinus
356 994 500 1068 Presbyter
521 994 607 1050 latina
629 992 718 1051 forms
736 1008 845 1065 semper
865 999 971 1048 utatur.

221 1084 292 1139 Cum
310 1084 482 1155 Baptismnm
501 1083 599 1140 iterare
624 1083 702 1139 nulio
727 1080 809 1139 modo
829 1081 933 1149 liceat,
953 1081 977 1137 si
997 1081 1061 1153 quis
1080 1077 1133 1136 suh
1153 1092 1221 1135 oon·

169 1170 291 1239 ditione,
308 1168 342 1226 de
357 1185 413 1242 quo
432 1169 523 1238 inira,
543 1170 581 1227 sit
601 1167 803 1243 baptizandus,
817 1185 848 1225 ea
863 1168 986 1226 eonditio
1004 1165 1169 1240 explicanda
1180 1154 1223 1222 'est

168 1258 222 1316 hoo
240 1257 342 1316 modo:
361 1263 393 1316 Si
405 1275 461 1314 oon
478 1275 508 1315 es
525 1259 716 1330 baptisatus,
735 1274 785 1330 epo
804 1262 831 1314 te
850 1258 965 1329 baptiso
982 1261 1014 1312 io
1030 1257 1146 1311 nomin
1163 1259 1222 1311 Pu·

169 1349 245 1415 tris,
266 1350 318 1402 ete.
339 1347 399 1402 Hae
425 1354 518 1403 tamen
536 1344 716 1403 conditionali
740 1345 827 1402 forma
850 1361 909 1401 non
928 1343 1030 1417 passim
1050 1349 1101 1400 ant
1124 1340 1224 1399 leviter

169 1436 211 1491 nti
231 1432 316 1502 lieet,
332 1432 382 1491 sed
401 1432 569 1505 prudentem
586 1442 616 1491 et
634 1434 703 1500 nbi,
722 1449 752 1491 re
770 1432 919 1502 diligenter
936 1431 1138 1504 pervestigata,
1157 1444 1223 1503 pro-

168 1521 270 1578 babilis
287 1521 382 1580 subest
399 1522 553 1592 dubitatio,
572 1520 707 1580 insontem
726 1537 783 1578 non
801 1520 884 1578 tuisse
900 1520 1078 1593 baptimmm.

221 1610 378 1683 Baptismus
399 1610 466 1667 lioet
483 1610 542 1667 fieri
561 1611 647 1682 possit
666 1617 715 1667 aut
732 1625 781 1682 per
797 1608 966 1667 infusionem
986 1621 1086 1680 aquae,
1104 1613 1159 1663 tut
1174 1620 1225 1678 per

166 1697 395 1766 immersionem,
412 1706 461 1755 aut
473 1714 523 1771 per
538 1700 742 1772 aspersionem3
763 1698 868 1771 primus
886 1705 998 1762 tamen,
1019 1693 1061 1750 rel
1078 1691 1224 1751 secundus

169 1783 287 1854 modus,
301 1788 349 1858 qui
364 1788 453 1859 magis
465 1795 532 1843 sunt
550 1789 580 1843 in
598 1803 674 1854 usu,
695 1802 744 1858 pro
762 1786 946 1844 Ecclesiamm
964 1779 1170 1840 consuetudine
1181 1796 1225 1838 re·

168 1872 310 1930 tineantur
322 1893 331 1942 ;
342 1875 382 1932 ita
394 1883 428 1930 ut
439 1876 511 1931 trina
529 1875 672 1933 ablutione
689 1882 773 1947 raput
791 1869 948 1946 baptizandi
966 1867 1166 1943 pertundetur,
1180 1868 1224 1925 vei

168 1961 349 2032 immergatur
365 1963 396 2018 in
415 1963 527 2020 modum
546 1964 643 2020 crucis
660 1979 718 2019 nno
736 1970 764 2019 et
782 1961 878 2019 eodem
897 1968 1041 2031 tempore,
1064 1972 1123 2029 quo
1140 1955 1224 2013 verbs

169 2047 365 2120 proteruntur,
383 2061 412 2108 et
428 2051 502 2110 idem
522 2053 560 2108 sit
574 2068 675 2125 aquam
694 2050 827 2109 adhibens
846 2059 875 2106 et
891 2049 970 2106 verba
989 2047 1186 2121 pronuntians.

220 2138 277 2194 Ubi
294 2154 358 2195 vero
375 2141 532 2212 Baptismus
553 2139 584 2195 fit
602 2155 650 2212 per
669 2139 837 2197 infusionem
857 2153 935 2210 uquae
952 2178 961 2207 ,
980 2133 1136 2193 cavendum
1155 2142 1221 2200 est,

168 2239 204 2281 ne
217 2242 288 2298 aqua
306 2242 338 2282 ex
358 2226 472 2285 infantis
492 2228 582 2301 capite
593 2230 622 2287 in
635 2228 759 2295 tonum,
775 2226 825 2284 sed
843 2229 873 2283 in
891 2226 1043 2283 sacrarium
1062 2222 1223 2295 Baptisterii

169 2329 253 2386 prope
273 2314 363 2387 ipsum
377 2315 482 2374 iontem
500 2326 656 2375 extruemm
674 2315 795 2384 defluat,
810 2325 858 2374 aut
869 2317 899 2372 in
913 2310 1130 2387 aliquomsead
1146 2312 1224 2368 nune

168 2416 250 2458 usum
270 2413 364 2476 parato
388 2413 545 2478 reoeptam,
563 2407 592 2462 in
611 2407 698 2479 ipsius
715 2406 893 2478 Baptisterii,
915 2405 957 2460 vel
975 2405 1007 2458 in
1025 2400 1156 2458 Ecclesiae
1175 2416 1223 2458 sa·

169 2492 289 2547 uarium
307 2491 477 2549 effundatur.

485 2673 523 2716 tid
548 2672 706 2717 MINISI'RO
729 2670 895 2715 persistit.

167 2798 343 2916 [reginmar
361 2843 473 2916 quidem
492 2844 623 2916 Baptismi
643 2844 769 2902 minister
784 2851 826 2903 est
844 2843 1003 2912 Pomanus,
1021 2839 1157 2900 vetilius
1174 2842 1224 2900 Sa-

167 2929 266 2987 eerdos
283 2946 299 2986 a
317 2931 463 2998 Paroeiro,
488 2931 531 2987 vei
554 2930 590 2988 ab
607 2930 755 2989 Ordinatio
776 2931 829 2990 ioci
849 2928 1088 3025 delapsum-sed
1110 2931 1223 3002 quoties

169 3017 278 3086 inians,
292 3026 342 3075 aut
354 3017 466 3075 aduitus
485 3027 608 3076 versetur
618 3021 648 3076 in
658 3021 721 3079 vitae
741 3019 864 3092 perimis
873 3061 885 3088 ‚,
898 3026 995 3092 potest
1010 3019 1071 3076 sins
1085 3017 1222 3076 solemni-

169 3112 226 3162 tate
241 3121 257 3162 a
273 3120 450 3178 quocumque
469 3105 600 3179 baptizari
620 3108 650 3162 in
669 3107 793 3180 qualibet
809 3107 926 3179 lingue,
946 3108 1004 3165 sire
1020 3106 1147 3177 clerieo,
1165 3108 1224 3165 sirs

168 3193 254 3249 Iaioo
271 3194 354 3249 etiem
373 3195 628 3262 excommunicato,
641 3196 697 3252 sire
708 3193 818 3263 Fideli,
833 3195 889 3251 sive
907 3193 1036 3264 infideli,
1048 3194 1223 3252 dremne

169 3281 244 3350 lieo,
260 3283 317 3338 sive
334 3281 462 3339 haeretieo
474 3322 483 3350 ,
497 3283 554 3338 sive
571 3285 646 3352 viro,
668 3273 728 3341 sive
741 3283 875 3352 ioemins,
893 3291 1000 3341 serrata
1017 3290 1112 3339 tumen
1129 3281 1223 3341 torma

168 3376 198 3425 et
214 3370 369 3426 intentmm
390 3369 529 3428 Ecclesiae.

221 3456 276 3514 Sed
292 3457 318 3513 si
338 3455 412 3513 sdsit
430 3456 585 3527 Saoerdos,
603 3459 726 3515 Diaeouo
744 3458 925 3532 preferatur,
943 3457 1085 3515 Diaeonns
1102 3456 1225 3515 Subdiu·

168 3559 258 3613 eono,
275 3545 399 3603 Clericus
415 3547 517 3614 Laioo,
536 3556 564 3604 et
580 3547 622 3603 vir
643 3546 784 3614 ioeminee,
803 3547 859 3604 nisi
881 3544 996 3619 pudoris
1015 3546 1105 3619 gratie
1123 3543 1225 3604 deoeat

169 3631 312 3691 toeminam
331 3635 438 3708 potius,
452 3652 536 3710 quum
555 3637 643 3693 virum
659 3636 799 3709 baptizare
816 3636 951 3693 infantem
963 3651 1021 3693 non
1031 3635 1149 3693 omnino
1161 3634 1224 3693 edi·

169 3728 250 3790 mm,
263 3722 306 3780 vei
326 3724 380 3781 nisi
398 3723 497 3781 melius
516 3724 630 3782 ioernina
647 3727 732 3783 seiret
748 3724 866 3782 turmam
879 3723 1034 3782 atmodum
1048 3722 1222 3796 baptizandi.

168 3808 344 3882 Quapropter
363 3826 461 3869 enrare
479 3809 561 3869 debet
578 3812 719 3870 Paroehus
732 3853 741 3879 ,
756 3821 789 3869 ut
807 3812 936 3881 fideles,
957 3811 1110 3885 prasertim
1128 3811 1225 3870 obste-

169 3897 271 3963 triees,
293 3907 398 3955 rectum
416 3899 575 3974 baptizandi
594 3901 677 3958 ritum
698 3899 781 3974 probe
802 3909 915 3958 teneant
930 3909 959 3958 et
977 3906 1095 3957 servent.

222 3984 323 4055 Pater,
343 3995 393 4043 aut
411 3996 498 4046 mater
513 3990 653 4063 propriam
672 3990 775 4062 prolem
793 3988 934 4062 baptizare
945 4004 1003 4047 non
1015 3987 1117 4046 debent
1128 4029 1137 4055 ,
1150 4004 1225 4062 prse·

170 4079 295 4145 torquem
309 4075 340 4131 in
352 4077 449 4133 mortis
466 4079 605 4149 perieuio,
617 4078 730 4150 quando
745 4078 817 4134 alius
830 4093 886 4134 non
897 4080 1032 4150 reperitur
1045 4120 1053 4147 ,
1068 4078 1118 4149 qui
1131 4077 1226 4150 bapti·
