2812 5070
182 669 243 732 344
543 666 660 730 ltituuic
684 668 871 728 desinianum.

246 791 404 873 Quoniam
426 790 541 855 defecit
563 792 596 856 in
612 789 730 856 -doldrc
753 790 818 856 sita
833 808 923 855 mea:
952 788 959 807 '
985 791 1107 856 etatnni
1123 792 1186 855 mei
1201 792 1236 856 in

179 898 362 983 gemitibus.

244 1002 411 1068 infirmita
432 1008 479 1068 est
499 1003 533 1068 in
554 1003 741 1087 paupertdte
757 1003 857 1068 virtus
872 1019 962 1066 mea:
995 994 1003 1017 ⁴
1025 1007 1058 1065 et
1074 1002 1148 1068 dsss
1161 1020 1235 1067 mea

178 1108 369 1174 couturbtta
387 1115 472 1174 snut.

244 1223 352 1297 super
373 1213 483 1277 dmnes
504 1212 649 1277 inimicos
670 1229 759 1277 meos
779 1210 884 1278 iaetus
904 1229 975 1277 som
996 1209 1232 1296 opprobrium,

179 1326 211 1386 et
233 1320 345 1384 ricinis
362 1321 441 1384 meis
463 1318 576 1401 valde,
602 1324 609 1334 '
638 1325 670 1382 et
690 1320 789 1385 timor
809 1320 894 1384 notis
914 1318 1005 1383 meis.

242 1427 310 1503 Qui
332 1425 482 1490 ridebant
503 1443 578 1506 mc,
605 1425 692 1489 foras
712 1424 863 1506 ingemunt
892 1444 911 1490 a
938 1442 1011 1488 ma:
1034 1417 1045 1439 '
1075 1422 1234 1490 oblivioni

179 1530 271 1596 datus
292 1549 362 1594 sum
383 1537 546 1614 tamquam
567 1530 712 1595 mortuns
739 1549 758 1595 a
781 1528 891 1594 corde.

244 1635 362 1700 Factus
383 1653 454 1700 sum
475 1642 638 1718 tamquam
665 1654 721 1701 vas
748 1633 929 1718 porditum:
957 1627 967 1647 ⁸
992 1634 1145 1716 quoniam
1172 1653 1232 1698 au-

178 1740 245 1806 diri
261 1742 525 1825 vituperationem
546 1741 719 1806 multorum
742 1743 1007 1807 commortntium
1027 1741 1061 1804 in
1083 1740 1230 1804 ctrcdim

247 1841 290 1910 [n
312 1864 352 1910 eo
375 1845 452 1911 dum
474 1846 679 1912 convenirent
700 1845 794 1911 simul
815 1846 983 1911 advenum
1004 1862 1081 1925 me,
1107 1836 1116 1844 ’
1144 1846 1231 1909 acci·

180 1970 257 2035 pere
280 1954 415 2017 tnimam
437 1971 540 2018 meam
562 1952 716 2017 consiliati
737 1959 822 2017 sunt.

245 2055 263 2112 t
277 2075 320 2139 go
335 2066 440 2122 autem
455 2060 490 2123 in
504 2065 536 2122 tc
549 2059 692 2142 spertvi,
716 2058 873 2122 Domine:
898 2049 908 2065 ⁴
935 2056 1021 2121 dixi:
1047 2056 1133 2120 Dens
1144 2074 1232 2120 meus

179 2181 214 2227 ea
235 2169 296 2242 tu;
321 2164 354 2227 in
376 2162 521 2228 manibus
542 2165 606 2229 tuis
627 2171 729 2229 sortes
751 2183 838 2228 meaa.

242 2264 345 2351 'tripe
367 2287 417 2333 me
441 2270 480 2333 de
503 2287 599 2335 manu
620 2271 821 2334 inimicorum
843 2270 1008 2348 meorum,
1035 2251 1044 2269 ”
1070 2274 1102 2331 et
1121 2286 1140 2332 a
1160 2285 1233 2350 per-

179 2373 384 2456 sequentibus
405 2393 468 2439 mc.

240 2473 376 2542 llldstra
398 2478 510 2543 ficiem
533 2487 620 2545 tuam
641 2499 736 2564 super
757 2497 884 2544 serrum
907 2487 1018 2560 tuum,
1042 2480 1165 2544 salvum
1181 2496 1230 2541 me

178 2579 229 2644 fac
253 2582 286 2645 iu
310 2583 526 2648 misericordia
546 2592 622 2649 tua:
649 2585 658 2595 “’
684 2587 838 2667 Domine,
854 2603 920 2650 non
936 2585 1129 2665 confundar,
1147 2601 1231 2667 qno-

178 2688 262 2749 niam
287 2688 434 2751 invootvi
450 2694 494 2753 te.

243 2791 442 2858 trnbdscant
461 2795 568 2879 impii,
593 2804 625 2860 et
648 2796 846 2861 deductntur
863 2799 894 2861 in
911 2796 1080 2860 infernum:
1109 2790 1118 2805 '
1143 2801 1232 2859 muta

177 2896 255 2962 fiant
271 2898 356 2966 lobia
376 2900 499 2967 dolosa.

239 3006 325 3078 Qua
344 3006 520 3091 loquuntur
542 3009 692 3074 advorsus
705 3009 826 3093 justum
841 3010 1065 3092 iniquitatem,
1088 2997 1097 3018 “
1127 3008 1161 3072 in
1176 3026 1231 3071 su·

178 3109 311 3192 perbis,
336 3119 369 3176 et
389 3115 423 3177 in
444 3113 607 3178 abusione.

238 3206 348 3282 uuam
368 3237 485 3301 magna
512 3220 685 3286 mutiano
714 3220 891 3287 aureonno
922 3228 1009 3302 ωε,
1033 3219 1171 3284 nomine
1187 3196 1225 3300 ,¹

177 3338 274 3403 qnam
297 3323 492 3391 abscondisti
511 3328 697 3392 timentibus
721 3335 753 3392 te
770 3331 776 3390 !

237 3416 497 3512 Pentecosten,
530 3434 586 3513 qui
607 3441 733 3518 sperant
753 3435 787 3497 in
811 3440 865 3514 tc,
892 3415 900 3436 ’
927 3434 960 3497 in
989 3432 1162 3514 compacto
1189 3429 1227 3492 o-

175 3526 292 3593 liorum
316 3530 494 3599 hominum.

235 3627 263 3682 A
278 3635 434 3704 bscondes
456 3659 511 3704 eos
533 3642 566 3705 in
584 3642 772 3708 abscondito
789 3644 878 3708 taciti
893 3649 954 3706 tua
977 3626 984 3640 “
1013 3659 1032 3705 a
1054 3639 1228 3706 conturba·

176 3739 263 3804 tione
288 3742 466 3809 homiuum.

235 3835 398 3932 Proteges
427 3869 483 3915 eos
512 3853 544 3915 in
573 3852 777 3918 taberndculo
799 3860 856 3917 tuo
880 3840 888 3851 '
927 3872 946 3916 a
976 3850 1226 3917 contradictione

175 3950 368 4034 lingudrum.

234 4045 622 4131 Benedictusttomtnns:
648 4050 656 4067 ’
684 4068 836 4150 monam
849 4066 1028 4131 nussum
1041 4062 1225 4129 mutuass-

176 4164 260 4251 diam
285 4186 374 4232 snam
396 4171 475 4235 mihi
497 4175 529 4236 in
552 4174 680 4238 ciuitate
703 4175 837 4238 munita.
1073 4250 1076 4254 Α

235 4259 313 4354 Ego
340 4282 445 4339 autem
471 4277 535 4341 diri
554 4279 587 4342 in
611 4280 739 4344 excessu
766 4282 878 4344 mentia
900 4297 998 4344 mem:
1027 4266 1035 4283 “
1061 4278 1228 4362 Proiectus

174 4395 245 4444 sum
266 4397 285 4443 a
308 4380 387 4446 ttcie
410 4383 579 4450 oculorum
603 4387 744 4450 tuorum.

236 4468 324 4550 ideo
346 4488 500 4555 exaudisti
522 4509 634 4557 rocem
659 4492 811 4558 orationis
839 4511 941 4576 meae,
965 4468 979 4501 *
1003 4494 1080 4559 dum
1105 4495 1225 4561 clamd-

174 4607 242 4656 rcm
264 4590 305 4655 ad
327 4597 372 4657 te.
