2782 4696
284 275 323 338 13
655 261 771 323 itituuie
795 265 983 327 Romanurn.

293 387 328 444 ut
353 384 529 464 perieulum
554 384 740 464 immineat,
768 404 808 448 ne
833 395 944 468 pereat
968 397 1137 472 antequam
1166 396 1346 477 Baptismus

292 487 491 570 perficiatur,
511 490 680 571 SacerdoS,
705 493 910 574 omissisque
931 496 1125 575 Baptismunt
1142 501 1343 579 praeeednnt.

294 612 366 655 eum
381 594 537 675 baptimi,
560 602 626 674 ier,
644 596 694 658 rei
710 599 803 662 etiem
820 600 915 661 semei
935 600 1105 665 infundens
1119 622 1234 685 aquom
1251 625 1345 687 super

249 752 252 757 .
293 707 390 783 captui
415 699 482 783 ejus
503 703 536 764 in
556 703 687 766 modum
710 704 832 783 CruoiS,
860 705 990 768 dicensi:
1013 716 1081 800 Ego
1100 721 1133 782 te
1154 716 1282 802 baptizo
1305 717 1338 781 in

282 825 410 890 nmine
431 823 537 888 patris
571 816 620 906 tid,
644 829 706 889 etc,
743 817 778 873 ut
797 831 909 897 supra,
933 813 991 876 soi.
1020 816 1068 875 to.

359 917 478 979 Sinon
502 916 658 977 hahentur
683 933 764 996 aqtm
787 917 1000 998 Boptismniis,
1030 925 1061 981 et
1085 922 1262 1001 perieulum
1286 926 1342 985 irn-

294 1021 447 1104 pendeat,
469 1022 622 1084 Sacerdos
645 1027 754 1084 utatur
774 1024 1026 1105 aquooimpiiei.

362 1127 482 1190 Deinde
506 1129 533 1190 si
552 1126 668 1191 habent
687 1127 848 1207 Chrisma‚
870 1129 961 1192 limat
986 1133 1113 1193 eumin
1136 1136 1272 1213 vertice,
1296 1136 1340 1198 di-

296 1251 369 1296 cens
387 1250 493 1312 :Deus
516 1247 735 1331 omnipotens,
755 1250 817 1310 etc,
857 1239 1026 1317 utsupra,
1050 1236 1108 1300 t'ol.
1139 1240 1189 1302 17.

361 1339 475 1401 Postea
491 1338 546 1401 dat
560 1342 589 1401 ei
610 1339 777 1403 linteolum
796 1338 984 1422 candidum,
1002 1341 1110 1406 dicens
1127 1364 1134 1403 :
1152 1353 1272 1436 Accipe
1286 1369 1338 1415 ve.

286 1466 385 1541 stem,
405 1465 466 1524 ete,
501 1452 670 1527 utsupra,
693 1445 753 1509 fol.
779 1449 828 1510 17.

313 1595 315 1599 -
363 1557 409 1614 Ae
425 1551 552 1615 demum
573 1552 629 1616 dat
647 1553 675 1615 ei
692 1571 815 1616 cereum
835 1553 1000 1619 candelam
1014 1564 1195 1631 aceensam3
1214 1558 1337 1621 dicens·

289 1674 407 1757 Accipe
425 1672 605 1758 ltmpedem
625 1672 808 1756 mentem,
835 1667 872 1725 ut
896 1680 1010 1744 snpra,
1034 1661 1081 1726 iol
1106 1666 1155 1727 17.

364 1768 392 1827 si
419 1767 647 1847 supervixerit,
671 1767 876 1849 suppleantur
895 1769 945 1831 olii
970 1771 1047 1847 ritus
1071 1770 1189 1832 omissi.

341 2004 520 2062 Admonendi
541 2011 608 2061 sunt
628 2003 807 2075 Suseeptores
824 2000 860 2058 de
879 2001 1016 2075 spirituaii
1046 2001 1234 2074 cognatione,
1259 2016 1339 2075 quam

290 2101 487 2152 contraxerunt
505 2107 569 2148 eum
587 2091 729 2163 Baptizato
750 2132 759 2160 ‚
784 2088 974 2163 Baptizatique
999 2097 1075 2162 patre
1092 2097 1121 2146 et
1138 2097 1228 2146 matre
1247 2108 1256 2158 ς
1281 2104 1342 2162 qua

290 2181 419 2254 cognatio
437 2177 554 2252 impedit
572 2179 801 2245 Matrimonium,
823 2193 856 2234 ae
875 2176 991 2234 dirimit.

343 2270 428 2326 Curet
444 2269 584 2325 Paroehns
601 2275 728 2340 parentes
744 2265 861 2323 infantis
881 2265 1043 2334 admoneri,
1060 2281 1095 2322 ne
1113 2267 1143 2322 in
1161 2266 1234 2322 ieeto
1250 2280 1343 2322 seeum

292 2358 361 2431 ipsi,
375 2358 419 2414 vel
438 2358 561 2414 nutrires
578 2355 724 2429 parvulum
743 2354 886 2423 habeant,
909 2363 1020 2428 propter
1034 2352 1223 2426 oppressionis
1240 2352 1344 2427 perien-

293 2445 372 2515 lnm3
392 2445 441 2503 sed
459 2462 524 2502 euin
542 2444 690 2517 diligenter
708 2443 881 2512 custodiant,
895 2452 924 2500 et
933 2450 1088 2516 opportune
1105 2440 1142 2498 ad
1159 2443 1343 2499 Christianam

293 2533 467 2607 disciplinam
486 2532 643 2589 instituant.

347 2622 548 2681 commonendi
566 2631 634 2679 sunt
651 2622 732 2679 etiam
752 2629 898 2694 parentes,
923 2628 951 2677 et
968 2620 1036 2684 alii,
1061 2620 1085 2677 si
1104 2634 1176 2691 opns
1193 2617 1296 2696 inerit,
1312 2633 1344 2674 m

295 2712 368 2769 tilios
387 2711 532 2780 Hebraeis,
551 2711 669 2782 aliisque
686 2708 865 2776 infidelibus,
883 2705 926 2764 vel
944 2707 1078 2765 haeretieis
1105 2706 1272 2763 mutieribus
1289 2703 1345 2761 nilo

296 2798 378 2856 modo
397 2797 559 2867 lactandos,
577 2806 627 2855 aut
645 2796 809 2854 nutriendos
829 2795 950 2851 tradant.

348 2892 506 2960 Antequam
524 2886 616 2943 infans
634 2902 666 2943 ex
688 2885 810 2943 Eeelesia
837 2892 1014 2957 asportetur,
1034 2890 1084 2940 aut
1101 2884 1281 2955 susceptores
1306 2879 1344 2936 di·

297 2974 438 3041 erodant,
459 2991 555 3031 eorum
580 2974 717 3043 nomina,
739 2982 767 3030 et
787 2974 840 3030 alia
862 2972 896 3029 de
922 2971 1114 3029 administrato
1143 2971 1287 3042 Baptismo
1314 2965 1344 3025 ad

238 3078 241 3083 ’
299 3065 485 3137 praesenptnm
495 3062 612 3120 formam
622 3063 652 3119 in
661 3062 824 3135 Baptismali
833 3061 905 3119 libro
914 3061 1054 3118 Paroehns
1064 3068 1192 3117 arsuram
1200 3057 1344 3116 describm.
