2782 4696
171 299 234 364 ³30
522 297 643 359 llituais
668 296 855 358 Romanurn.

210 476 320 541 lectio
343 477 443 540 uncti
464 474 628 558 Evangelii
649 473 826 539 secundum
846 475 1002 539 blancum.
1024 472 1122 535 llere.
1145 474 1188 536 16.

171 640 234 798 Τ
258 635 315 699 ille
335 633 504 718 tempore:
528 632 617 698 Dixit
641 634 734 696 lesus
754 631 920 716 discipulis
939 633 1029 697 suis:
1056 631 1213 696 Ednteaiu

200 739 367 806 muudum
386 739 589 821 uuiversum,
612 737 783 823 predicete
803 737 1010 821 Evangelium
1034 737 1125 802 emni
1137 755 1214 802 eree

168 847 259 914 tere.
292 845 355 926 Qui
376 844 567 926 crediderit,
597 851 632 909 ct
652 844 829 928 baptizetus
854 843 973 925 tuerit,
1004 845 1113 909 salvus
1135 845 1212 908 erit:

170 955 225 1037 qui
251 970 327 1017 vero
353 969 418 1016 non
450 950 641 1034 crediderit,
679 950 956 1016 cendemnebitur.
991 951 1089 1033 Signa
1118 956 1215 1014 auten

169 1074 246 1138 eos,
264 1057 320 1142 qui
337 1055 634 1139 crediderint,b1ec
654 1057 846 1140 sequentur:
870 1057 909 1120 ln
923 1057 1058 1121 nornine
1070 1075 1143 1121 meo
1157 1055 1215 1121 de·

169 1163 278 1228 menis
289 1161 439 1246 ejicient:
464 1163 580 1246 linguis
594 1162 768 1246 loquentur
783 1162 893 1227 noris:
912 1162 1079 1246 serpentes
1092 1161 1214 1241 tollent,

168 1274 202 1334 et
222 1269 248 1333 si
268 1269 469 1334 mortiferum
492 1268 571 1352 quid
590 1267 754 1348 biberint,
777 1285 844 1333 non
864 1267 910 1332 eis
937 1268 1096 1334 nesebite
1129 1285 1217 1350 super

168 1391 271 1457 egros
291 1393 403 1442 mantus
426 1374 612 1459 impeneut,
636 1380 669 1438 et
688 1374 771 1440 bene
791 1372 970 1438 habebunt.

218 1534 327 1599 Lectio
350 1534 449 1598 sancti
470 1531 632 1617 Evangelii
653 1530 829 1597 secdndum
851 1531 971 1598 Lucam
991 1540 1096 1602 luc.
1129 1539 1175 1600 10.

168 1706 235 1864 In
248 1691 304 1756 illo
317 1692 481 1775 tempore:
498 1689 628 1756 Reversi
649 1695 724 1754 sunt
750 1689 953 1773 septuaginta
965 1686 1033 1753 duo
1056 1706 1130 1753 curn
1147 1705 1218 1770 gau-

200 1798 288 1879 dio,
311 1796 450 1862 dicentes
469 1796 511 1861 ad
522 1798 647 1861 lesum:
665 1795 814 1878 Demiue,
832 1795 929 1861 etiam
945 1793 1105 1859 ezemenia
1121 1793 1219 1876 subji-

169 1904 297 1969 cientur
318 1903 413 1968 uobis
433 1904 467 1968 in
488 1903 616 1967 nemine
637 1907 708 1966 tuo.
732 1903 773 1966 Et
793 1902 839 1966 sit
859 1900 940 1965 illis:
964 1898 1125 1964 Videbam
1136 1900 1220 1964 Seta-

169 2028 243 2075 uam
269 2009 350 2083 deut
369 2009 478 2090 fulgur
497 2007 538 2073 de
561 2007 642 2073 coelo
663 2006 840 2073 cedentem.
866 2008 947 2071 lices
961 2004 1038 2070 dedi
1051 2005 1147 2071 robis
1161 2023 1221 2089 po-

168 2117 316 2181 testeteur
339 2112 482 2179 edendi
501 2132 599 2197 supra
610 2113 789 2198 serpentes,
807 2117 841 2178 et
851 2111 1059 2196 scorpienes‚
1076 2118 1110 2176 et
1127 2129 1222 2194 super

169 2222 297 2285 emnem
320 2221 470 2286 rirtdtem
491 2221 633 2285 inimici:
657 2226 689 2285 ct
711 2219 792 2284 nihil
814 2218 908 2283 vobis
918 2217 1059 2283 nocebit.
1086 2220 1221 2283 Verum-

169 2333 277 2391 tamen
302 2327 335 2389 in
356 2326 420 2389 boc
442 2325 541 2389 nolite
564 2325 724 2408 gaudere,
749 2325 824 2408 quie
846 2325 974 2409 spiritus
1002 2323 1098 2389 vobis
1123 2321 1223 2405 snbji-

169 2433 318 2498 cientur:
344 2430 478 2515 gaudete
494 2438 622 2516 sutem,
647 2431 737 2516 quod
753 2432 883 2497 nemina
898 2438 1003 2497 restra
1017 2433 1137 2514 scripta
1150 2437 1222 2495 suut

168 2541 201 2604 in
228 2539 325 2604 coelis.

223 2700 332 2765 Lectio
354 2699 455 2764 sancti
475 2698 636 2782 Evangelii
660 2697 835 2764 scerindum
856 2699 987 2763 Lucem.
1021 2699 1099 2763 Luc.
1125 2705 1173 2762 lt.

212 2876 234 2921 n
257 2857 313 2922 illo
338 2858 500 2940 tempore:
525 2856 599 2920 Erat
622 2856 714 2920 lesus
735 2853 863 2938 ejiciens
880 2853 1085 2933 daemenium,
1099 2851 1223 2917 etillud

166 2869 280 3029 leret
304 2969 440 3028 mutum.
469 2963 510 3025 Et
530 2979 604 3025 cum
627 2959 769 3043 ejecisset
788 2960 1002 3041 daemenium‚
1025 2959 1157 3024 locritus
1177 2963 1222 3022 est

168 3075 274 3133 mutus
288 3115 297 3149 ‚
322 3075 354 3133 et
375 3068 534 3133 admiretae
548 3073 623 3132 sunt
639 3067 752 3132 turbe.
770 3066 908 3147 Quidam
930 3072 1036 3131 eutem
1059 3085 1097 3131 ex
1111 3067 1159 3130 cis
1172 3064 1222 3128 di·

167 3174 303 3238 rerunt:
320 3175 357 3237 In
378 3171 554 3237 Beelzebub
575 3173 720 3256 principe
743 3172 970 3238 daemonidrum
994 3169 1083 3254 ejicit
1099 3169 1221 3235 deme·

167 3281 230 3345 nie.
256 3281 297 3344 Et
319 3279 371 3344 eiii
391 3281 570 3361 tententes,
594 3280 720 3362 signum
742 3278 781 3343 de
803 3277 883 3343 coelo
907 3276 1093 3361 querebant
1109 3276 1152 3340 nb
1168 3295 1218 3341 eo.

167 3386 239 3469 lpse
260 3390 368 3450 autem
392 3391 427 3449 ut
444 3383 524 3450 vidit
541 3385 753 3467 cogitetidnes
774 3385 907 3461 cerum,
933 3382 1012 3447 dixit
1026 3382 1095 3446 eis:
1120 3381 1221 3447 Omne

166 3509 298 3573 regnum
321 3492 354 3555 in
380 3491 518 3573 seipsum
540 3489 677 3554 divisum
698 3489 919 3568 nectentur,
939 3495 970 3552 et
987 3486 1103 3553 domus
1126 3505 1222 3571 supra

168 3597 298 3662 domum
321 3597 422 3663 cadet.
447 3597 479 3661 Si
503 3602 608 3662 autem
624 3603 656 3661 et
670 3597 799 3661 sennes
814 3596 848 3659 in
863 3596 1003 3677 seipsum
1024 3593 1145 3659 diebus
1162 3600 1220 3672 est,

166 3701 331 3785 quomodo
354 3702 451 3768 stabit
470 3720 604 3785 regnum
624 3701 717 3786 ejus?
740 3702 817 3785 quin
843 3700 949 3766 dicitis
977 3701 1011 3765 in
1043 3698 1221 3764 Beelzebub

166 3826 217 3872 me
239 3807 352 3892 ejicere
375 3809 540 3874 daemdnia.
574 3810 605 3873 Si
632 3815 736 3873 eutem
764 3824 825 3890 ego
856 3808 890 3871 in
923 3804 1101 3870 Beelzebub
1128 3803 1220 3888 ejicio

166 3913 341 3993 demersius,
375 3913 435 3979 filii
457 3915 553 3979 vestri
575 3915 609 3979 iu
633 3931 699 3996 quo
721 3911 880 3997 ejiciunt?
902 3912 979 3978 Ideo
1008 3912 1070 3996 ipsi
1098 3909 1221 3994 jndices

165 4021 260 4082 vestri
283 4027 386 4084 erunt.
411 4022 513 4084 Porro
536 4021 561 4083 si
584 4019 618 4083 iu
641 4017 741 4099 digito
763 4020 821 4084 llei
842 4017 934 4101 ejicio
952 4017 1129 4084 demdnie:
1145 4035 1220 4101 pro·

164 4120 249 4186 fecto
273 4126 417 4208 pervenit
441 4126 473 4189 in
499 4144 556 4189 ves
576 4141 711 4207 regnum
735 4125 805 4190 Dei.
842 4126 921 4190 Cum
954 4123 1048 4188 fortis
1079 4124 1219 4187 armetus
