2782 4696
305 247 344 309 16
662 235 784 298 Rituale
806 237 994 297 Romanum.

375 360 495 424 Deinde
515 360 667 423 Sacerdos
688 360 818 441 intingit
839 360 987 443 pollicem
1009 362 1041 422 in
1061 361 1134 423 oleo
1153 361 1356 424 Cathecume-

311 484 442 547 norum,
471 473 504 529 et
526 465 677 530 infantem
702 468 792 548 ungit
815 467 848 529 in
870 471 1020 549 pectore,
1048 469 1080 528 et
1108 467 1189 530 inter
1216 468 1357 549 scapulas

310 574 342 636 in
365 573 495 637 modum
519 573 648 652 Crucis,
675 571 799 637 dicens:
817 576 885 658 Ego
904 581 936 639 te
950 575 1028 640 linio
1060 578 1093 645 ri«
1108 575 1180 640 oleo
1193 575 1305 640 salutis
1319 576 1350 640 in

302 683 428 748 Christo
453 683 528 747 Jesu
553 681 692 747 Domino
710 686 842 764 nostro,
870 687 906 748 ut
929 681 1047 746 htbeas
1069 682 1168 746 rimu
1190 683 1348 747 aternam

392 788 399 827 l

372 789 564 976 ΝΙῑιΑάιιῃρῐΝιίε
577 901 639 958 rto-
751 889 891 953 Subinde
911 890 1059 972 pollicem
1083 895 1116 953 et
1138 891 1269 953 inuncta
1288 890 1360 954 loca

304 1007 364 1087 (am
384 1005 572 1082 promam,
603 1009 632 1064 ee
686 994 839 1076 abstergit
855 994 1042 1073 bombacio,
1066 995 1115 1060 vel
1138 1014 1171 1059 re
1187 995 1302 1059 simili:
1327 1003 1359 1059 et

303 1115 393 1172 sumit
406 1111 499 1172 etiem
509 1109 575 1171 atti
585 1127 633 1170 eo·
685 1103 859 1182 interrogat
880 1119 1027 1184 expresso
1047 1099 1176 1164 nomine
1195 1100 1358 1184 baptisan-

304 1216 388 1279 lom
686 1206 784 1286 dum,
808 1208 933 1271 Patrino
957 1205 1179 1289 rQespondente

376 1312 413 1373 Ν
435 1317 567 1384 Credis
559 1337 593 1382 ιιι
615 1320 718 1382 Deum
734 1318 862 1381 Patrem
883 1315 1152 1400 omnipotentem,
1169 1314 1352 1380 Creatdrem

306 1427 377 1493 eoeli
390 1432 424 1491 et
442 1424 560 1490 terra?
589 1422 624 1497 ft·
644 1422 761 1489 Credo.

370 1531 504 1598 Credis
495 1549 529 1595 ιιι
548 1531 656 1595 Jesum
672 1528 831 1594 Christum
846 1527 959 1592 Filium
980 1525 1048 1610 ejus
1068 1519 1217 1606 unicum,
1239 1525 1352 1589 Domi-

305 1656 383 1703 num
402 1643 565 1717 nostrum,
591 1641 720 1716 natum,
742 1638 774 1696 et
798 1632 952 1717 passum?
985 1633 1021 1711 sl·
1038 1629 1153 1696 Credo.

371 1743 481 1810 Credis
500 1748 532 1807 et
547 1743 581 1807 in
600 1741 750 1825 Spiritum
764 1740 930 1819 Sanctum,
956 1743 1094 1805 sanctam
1107 1736 1279 1802 Ecclesiam
1293 1736 1352 1802 Cu-

304 1851 472 1933 tholioam,
489 1850 674 1915 Sanctorum
688 1845 943 1913 communionem
953 1891 963 1926 ,
975 1845 1192 1910 remissionem
1202 1844 1352 1929 peccato·

305 1975 396 2036 rum,
414 1956 518 2022 carnis
534 1954 814 2034 resurrectionem,
833 1957 868 2016 et
878 1951 976 2016 vitam
991 1948 1161 2016 aternam?
1180 1948 1218 2027 tti-
1234 1946 1349 2016 Credo.

375 2048 513 2112 Subinde
536 2066 681 2132 expresso
706 2050 834 2113 nomine
862 2047 1064 2132 baptizandi,
1087 2048 1239 2113 Sacerdos
1261 2050 1352 2114 dicit:

303 2229 305 2233 ,
375 2155 415 2217 Ν·
433 2166 489 2231 Vis
509 2164 694 2250 baptiztri?

376 2258 557 2340 Respondet
576 2259 736 2324 Petrinus:
764 2268 859 2332 v010,

375 2366 463 2428 Tunc
484 2365 630 2445 Patrino,
652 2368 703 2430 vel
723 2366 874 2446 Matrina,
898 2366 949 2430 vel
969 2372 1108 2448 utroque
1130 2368 1175 2445 (si
1194 2367 1289 2432 ambo
1303 2367 1354 2431 ad-

310 2473 492 2552 mittantur)
515 2471 667 2536 infantem
689 2479 842 2552 tenente,
869 2472 1022 2538 Sacerdos
1042 2472 1193 2553 vasculo,
1219 2492 1277 2538 seu
1298 2491 1351 2537 ur·

275 2620 280 2629 -
310 2575 401 2640 ccolo
418 2577 533 2659 accipit
548 2596 663 2661 aquam
674 2577 909 2661 baptismalem,
924 2584 957 2642 et
973 2578 1013 2642 de
1028 2597 1066 2642 ea
1082 2585 1130 2643 ter
1143 2567 1353 2661 lundit‘super

309 2688 407 2776 caput
421 2683 548 2748 infantis
560 2684 594 2747 in
610 2684 742 2750 modum
758 2685 884 2764 Crucis,
900 2691 933 2748 et
952 2683 1044 2749 simul
1059 2683 1156 2749 verba
1170 2685 1350 2769 proferens,

309 2789 404 2852 semel
428 2796 553 2854 tanturn
574 2789 736 2869 distinete,
763 2798 795 2854 ot
819 2797 957 2870 attente,
981 2789 1077 2856 dicit:

380 2895 419 2959 N.
444 2907 510 2987 Ego
526 2909 557 2968 te
571 2902 700 2985 baptizo
719 2902 752 2965 in
771 2899 900 2964 nomine
919 2895 1021 2963 Patris
1045 2902 1080 2969 ’Β
1105 2895 1220 2961 fundat
1234 2897 1352 2982 primo,

308 3011 433 3076 011²ssss
468 3006 500 3071 ›1‹
524 2998 637 3064 fundat
652 3001 815 3083 secundo,
836 3008 868 3070 et
884 3003 1018 3088 spiritus
1053 3007 1087 3074 ἧι
1109 3000 1216 3065 Sancti
1249 3001 1354 3066 fundat

309 3104 418 3167 tertio.

375 3207 437 3273 Ubi
450 3215 553 3273 autern
568 3217 615 3274 cst
631 3212 827 3277 consuetudo
843 3213 1023 3296 treptirandi
1037 3231 1094 3298 per
1106 3213 1354 3294 immersionem,

310 3312 463 3378 Sacerdos
478 3315 593 3397 accipit
612 3315 780 3396 infantem,
801 3325 833 3383 et
853 3317 1019 3382 advertens
1036 3337 1076 3383 ne
1093 3317 1246 3400 laedatur,
1266 3327 1357 3385 caute

309 3419 492 3502 immergit,
523 3427 556 3483 et
578 3423 661 3485 trina
684 3424 840 3488 mersione
862 3423 1028 3508 baptizat,
1054 3430 1086 3489 et
1112 3425 1208 3489 semel
1234 3432 1358 3490 tantum

311 3523 387 3588 dicit
406 3546 414 3587 ι

375 3627 1227 3725 Νιςοιοιιριιιοιιιιωιηοιοιήιιμιῐίῑϋ
1251 3633 1358 3711 Μ

310 3748 444 3831 Spiritus
469 3743 502 3809 ΝΒ
527 3747 643 3816 Sancti.

376 3842 449 3904 ilos
466 3845 629 3923 Petrinus,
646 3845 697 3909 vol
717 3848 864 3926 llatrina,
884 3848 932 3912 rel
948 3854 1081 3932 uterquc
1098 3849 1192 3913 simul
1208 3849 1362 3913 infantem

310 3945 350 4009 dc
375 3966 464 4013 sacro
487 3951 586 4016 Fonte
611 3952 744 4035 levant,
772 3955 978 4038 suscipientes
1003 3955 1091 4020 illum
1116 3954 1156 4021 de
1186 3974 1281 4020 manu
1305 3958 1362 4020 Sa-

310 4054 460 4119 cerdotis
