2782 4696
433 233 480 297 Dc
502 234 701 298 sacramento
726 234 888 318 baptismi.
1152 241 1198 308 30

193 358 230 421 Si
247 374 352 440 equa,
370 374 442 440 quae
456 376 494 422 ex
509 360 611 440 capite
632 357 783 441 baptizati
801 357 936 439 defluit,
955 372 1020 423 non
1037 358 1189 427 diruitur

147 483 161 530 t
172 466 352 529 sacrarium
364 466 560 547 Beptisterii,
572 467 745 548 recipiatur
757 467 790 529 in
803 464 949 549 subjecte
964 466 1069 549 alique
1082 464 1187 550 pelvi,

147 571 211 635 tin
228 569 312 636 illud
333 571 539 654 postmodum
560 569 761 654 projiciatur.

196 677 281 741 Cum
297 676 404 761 plures
421 683 495 741 sunt
515 677 637 758 illecti,
657 677 842 760 sinff'llutim
857 677 972 759 singuli
987 677 1188 760 interrogen-

147 799 208 863 ur,
227 788 262 848 et
280 781 502 866 baptizantur,
521 789 560 848 ut
580 801 688 867 supra.

196 889 230 953 Si
256 893 333 954 sunt
356 905 488 971 maren,
512 895 545 954 et
566 889 728 971 ioeminae,
754 889 892 973 primum
915 906 1047 970 meree,
1074 886 1188 954 deinde

147 1010 282 1059 temluae.

197 1102 320 1165 Verum
333 1100 362 1164 si
377 1100 588 1183 probabiliter
602 1101 787 1183 dubitetur,
806 1121 846 1167 un
863 1101 987 1167 Electus
1003 1101 1099 1167 luerit
1112 1100 1189 1166 elius

147 1206 336 1290 ›epuratur-5
355 1204 443 1272 dieat
462 1206 637 1273 Sacerdos:
670 1211 704 1278 si
722 1229 790 1277 non
808 1228 842 1275 es
859 1209 1058 1293 baptimtuo,
1079 1224 1140 1291 ego
1163 1213 1196 1271 te

147 1316 272 1402 teporo
290 1317 325 1384 in
346 1317 476 1384 nomine
497 1318 600 1385 Putris
617 1321 650 1388 »p
684 1363 695 1400 ,
718 1322 751 1382 et
770 1315 890 1386 nonne
920 1361 930 1398 ,
953 1320 986 1379 et
1006 1314 1182 1399 Spiritus&

197 1527 321 1592 Deinde
339 1526 495 1592 Sacerdos
511 1527 647 1609 intinget
663 1525 813 1610 pollicem
830 1524 991 1591 dexterum
1010 1525 1043 1588 in
1063 1542 1186 1588 sucrum

147 1631 297 1713 brtrmr,
322 1639 355 1696 et
380 1638 537 1717 perunget
557 1632 707 1697 verticem
730 1630 829 1713 illecti
849 1631 883 1695 in
905 1629 1037 1695 modum
1059 1630 1185 1707 Crucis,

147 1734 263 1802 fidens:

222 1862 281 1910 eus
309 1844 537 1928 omnipotens,
561 1844 655 1908 Peter
678 1839 809 1906 Domini
830 1841 932 1906 nostri
955 1841 1031 1905 Jeru
1053 1821 1195 1921 ebrioli,

220 1949 280 2034 qui
296 1954 331 2016 te
349 1949 549 2033 regenerovit
565 1966 605 2012 ex
626 1964 711 2032 eque
732 1952 765 2012 et
780 1945 901 2030 Spiritu
920 1946 1057 2026 Sancto,
1075 1945 1197 2029 quique

147 2051 229 2120 ledit
246 2054 309 2119 tihi
326 2055 544 2121 remissionem
562 2053 707 2119 omnium
728 2053 935 2136 peccatorum
949 2095 961 2134 ,
977 2051 1047 2135 ipro
1061 2055 1094 2115 te
1105 2050 1198 2116 ltnitt

147 2158 317 2224 ibriomete
331 2160 440 2225 edotio
449 2169 481 2235 »ιι
513 2159 549 2223 in
564 2156 680 2223 eodem
694 2157 821 2223 Christo
836 2159 913 2224 lesu
930 2157 1070 2222 Domino
1085 2161 1197 2222 nostro

147 2264 297 2331 invitm
316 2265 478 2331 emmam
515 2269 552 2349 ro.
587 2264 700 2330 Amen.

196 2367 235 2444 t.
270 2371 337 2437 Pax
358 2375 477 2436 erum.

196 2481 235 2561 ni.
269 2477 313 2542 Et
333 2494 407 2542 cnm
427 2476 543 2563 spiritu
562 2482 634 2543 tuo.

195 2585 288 2648 Tune
310 2582 507 2665 bombacio,
530 2582 581 2647 vel
602 2602 638 2648 re
659 2582 752 2648 simili
773 2581 921 2666 pollicem
942 2581 1057 2662 tergit,
1077 2588 1109 2644 et
1130 2584 1187 2646 im-

147 2688 224 2754 rouit
247 2689 347 2772 copiti
370 2689 470 2754 Electi
500 2688 698 2769 chrismale,
721 2707 776 2753 seu
796 2687 965 2753 candidum
993 2687 1185 2769 linteolum,

148 2801 162 2860 t
179 2793 237 2861 dat
256 2796 306 2861 iili
322 2801 440 2860 vestem
456 2795 639 2876 candidam,
664 2796 790 2860 dicens:
816 2793 936 2878 Accipe
951 2797 1073 2858 vestem
1088 2789 1200 2856 condi-

147 2898 233 2982 imr,
249 2907 284 2966 et
298 2901 553 2982 immaonlotunr,
567 2918 664 2984 quum
676 2897 818 2985 perferor
830 2903 903 2964 unte
918 2895 1059 2964 tribunul
1070 2896 1199 2963 Domini

147 3007 242 3071 nom
255 3008 334 3072 Jetu
348 3005 484 3091 Christi,
499 3012 537 3073 ut
552 3005 669 3072 bobert
680 3006 779 3071 vitem
794 3005 954 3070 ueternum.

195 3118 233 3195 ni.
270 3115 384 3180 Amen.
794 3168 798 3175 .

195 3222 238 3285 Et
266 3220 391 3284 Electus
422 3221 554 3303 deponit
578 3219 701 3301 priores
725 3226 854 3300 vestes,
878 3226 911 3282 et
930 3217 1072 3283 induitur
1096 3218 1187 3281 novis

147 3325 193 3391 lbi
223 3326 368 3405 coloris,
390 3327 442 3390 vel
463 3326 574 3391 saltem
602 3326 758 3390 exteriore
782 3324 946 3406 candidu,
972 3326 1069 3407 quam
1090 3342 1110 3386 a
1130 3325 1187 3384 sn-

147 3431 264 3497 erdote
284 3431 416 3514 accepit.

192 3540 316 3603 Postea
335 3536 392 3601 dat
413 3538 442 3601 ei
463 3536 617 3603 Sacerdos
640 3555 768 3604 cereum
787 3585 797 3620 ,
820 3558 874 3603 scu
897 3538 1057 3603 candelam
1077 3553 1187 3601 acoen-

147 3660 195 3709 om
218 3645 253 3709 in
275 3661 370 3708 mauu
393 3642 546 3721 dextera,
575 3645 706 3710 dicens:
739 3641 858 3724 decipe
879 3639 1058 3724 ldmpudem
1081 3636 1197 3702 ardon·

147 3750 228 3827 lun,
249 3750 286 3809 ct
304 3744 589 3830 irreprehensibilis
609 3743 736 3812 custodi
756 3746 952 3830 Buptbmum
972 3751 1087 3810 tuum:
1108 3761 1199 3807 servu

147 3851 200 3918 Dei
215 3849 389 3933 mnndotu,
409 3859 446 3920 ut
461 3872 535 3919 enm
551 3853 707 3918 Dominus
726 3853 848 3918 venerit
867 3850 910 3917 od
929 3852 1075 3935 ndpties,
1096 3850 1198 3936 possis

147 3958 417 4151 Ἥιοὶῃίιι
437 3959 512 4027 onlr
532 3959 652 4028 coelooti
672 3960 707 4025 in
727 3958 826 4064 ritem
847 3958 1008 4025 cernam.
