2782 4696
520 373 577 431 DE
602 370 661 429 its

94 552 197 635 01]AE
221 553 267 624 ΙΝ
292 551 686 623 AllillNlS'lllATlONli
709 549 1084 623 sncniMnNTORUti

272 771 273 774 =
316 746 547 804 emmanue
568 743 739 792 suavium
761 745 857 792 SUNT.

64 941 123 1044 Ut
142 1003 174 1044 ea
192 1027 200 1055 ,
219 1001 282 1060 que
299 1000 332 1043 ex
349 986 472 1058 nuque
496 986 646 1044 auorum
667 987 798 1045 netem
819 989 978 1058 insamae,
997 995 1027 1045 a
1045 1003 1112 1045 nn-

64 1084 173 1132 etorum
185 1075 350 1142 Quonam,
364 1075 597 1145 summorumque
617 1073 782 1132 Pontificum
802 1075 947 1143 Decretis,
965 1073 1001 1131 de
1015 1075 1113 1134 Sacra·

63 1158 221 1221 mentorum
250 1162 362 1220 Ritibus
380 1179 412 1219 ue
429 1163 605 1220 Caeremoniis
622 1163 676 1220 hoe
693 1163 764 1221 libro
791 1164 1033 1237 proscribuntur,
1056 1180 1112 1238 qua

63 1266 114 1322 par
131 1257 174 1307 est
191 1248 336 1323 diligentia
356 1265 389 1306 ae
408 1250 541 1324 religione
570 1248 791 1321 custodiantur,
815 1259 845 1309 et
862 1251 964 1324 ubique
992 1248 1112 1309 iideliter

61 1337 259 1408 observentur3
278 1337 351 1395 illud
368 1345 433 1395 ante
450 1339 543 1396 omnia
561 1340 649 1409 seire,
667 1347 696 1397 et
712 1339 857 1398 observare
874 1340 1021 1409 eonvenit,
1035 1339 1111 1413 quod

61 1427 243 1484 Saemsanota
260 1424 422 1484 Tridentino
441 1425 569 1500 Synodus
585 1442 652 1484 sess.
663 1435 691 1485 7.
704 1443 768 1485 oon.
783 1433 825 1486 it.
840 1427 876 1485 de
886 1428 922 1485 iis
934 1427 1044 1485 ititibus
1061 1424 1112 1485 de·

61 1515 149 1571 erevit
165 1515 196 1571 in
215 1515 282 1572 haee
299 1513 399 1572 raba:
419 1518 452 1573 Si
469 1518 532 1586 quis
548 1515 677 1585 disent,
689 1518 816 1588 receptos
829 1518 859 1572 ei
870 1517 1044 1588 approbatos
1054 1520 1110 1573 Ee·

60 1601 155 1657 ciens:
168 1602 324 1658 Caiboiiete
333 1605 408 1658 miris
419 1605 450 1657 in
460 1601 579 1658 solemni
588 1605 841 1659 sacramentorum
857 1602 1111 1659 administratione

61 1687 200 1744 adhiberi
219 1693 383 1759 coenatos,
402 1693 456 1746 oni
472 1692 635 1758 contemni,
651 1693 705 1746 oni
724 1693 786 1746 sine
799 1692 920 1762 peceato
935 1705 957 1746 o
969 1690 1112 1745 Minisiris

56 1792 117 1848 pro
138 1775 219 1832 libito
238 1779 350 1846 omitti,
368 1780 422 1833 out
438 1778 468 1832 in
484 1791 569 1832 nouos
587 1775 661 1834 olias
675 1792 733 1849 per
750 1791 951 1848 quemeumque
971 1774 1112 1834 Ecclesia·

62 1880 130 1919 rum
146 1868 295 1920 Pastorem
313 1866 423 1920 maiori
437 1879 542 1936 posse:
560 1864 717 1922 onoibemo
733 1868 781 1921 sii.

114 1952 186 2009 Cum
204 1951 460 2025 igituriniioolesiu
472 1951 523 2008 Dei
536 1950 609 2008 nihil
626 1951 765 2020 sanetius,
784 1938 834 2009 aul
850 1951 969 2022 utilius,
986 1949 1112 2026 nihilque

62 2039 260 2109 exoelientius,
282 2046 333 2097 aut
350 2039 438 2113 magis
457 2037 583 2097 divinum
602 2039 757 2108 habeatur,
776 2055 862 2111 quam
881 2040 1058 2097 Sacramenta
1074 2037 1112 2098 td

64 2125 180 2182 humani
206 2128 314 2199 generis
337 2127 456 2184 salutm
474 2144 491 2185 a
508 2127 618 2185 Christo
642 2127 762 2185 Domino
780 2128 928 2197 instituite,
946 2126 1110 2197 Paroolrus,

62 2214 104 2270 rel
122 2215 213 2287 quivis
232 2215 305 2273 alius
322 2215 475 2284 superdea,
488 2215 524 2272 ad
541 2231 625 2289 quem
641 2231 737 2273 eorum
756 2214 958 2274 administratio
976 2216 1110 2290 pertinet,

63 2303 222 2362 meminisse
239 2305 271 2360 in
290 2305 386 2377 primis
405 2304 507 2373 debet,
526 2320 555 2362 se
574 2313 670 2362 saneta
687 2312 826 2374 motare,
845 2313 929 2378 atque
944 2305 1023 2364 omni
1039 2310 1111 2363 tem·

63 2393 139 2465 poris
157 2401 297 2450 momento
317 2391 352 2451 ad
372 2401 427 2450 tam
445 2403 550 2452 snuetae
567 2392 815 2452 administrationis
834 2393 957 2452 officium
984 2403 1111 2468 parinum

64 2498 124 2539 ease
142 2491 276 2555 oportere.
1068 2541 1072 2549 .

116 2570 302 2642 Quamobrem
320 2571 393 2628 illud
416 2579 547 2646 perpetuo
562 2570 691 2640 curabit,
705 2578 739 2627 ut
754 2570 881 2644 integre,
900 2577 994 2640 oeste,
1012 2572 1112 2645 pieque

62 2659 148 2715 vitam
169 2668 260 2733 agat3
283 2676 350 2716 nam
371 2661 424 2717 etsi
444 2661 621 2717 Sacramenta
645 2658 681 2716 ab
703 2659 820 2731 impuris
850 2659 1025 2731 ooinquinari
1054 2674 1112 2717 nou

63 2748 189 2817 possint,
206 2762 324 2820 nequeo
341 2748 430 2821 pravis
449 2746 585 2804 metris
603 2761 699 2804 eorum
710 2744 826 2804 effeetus
836 2744 963 2819 impediri
977 2764 984 2803 :
1003 2746 1119 2819 impure·

62 2841 156 2891 tamen
171 2842 201 2891 et
216 2834 331 2908 indigne
349 2851 381 2892 ea
399 2835 601 2904 ministrantes,
614 2834 644 2891 in
661 2843 772 2892 aterna
788 2834 887 2891 mortis
899 2841 1007 2892 reatum
1019 2833 1111 2892 ineur-

63 2930 140 2980 runt.
159 2922 292 2982 Sacerdos
309 2940 391 2996 ergo,
405 2923 428 2982 si
440 2923 526 2982 luerit
542 2925 647 2996 peoeati
663 2923 790 2982 mortalis
806 2923 860 2981 sibi
877 2923 1006 2981 oonseius
1017 2964 1026 2993 ,
1037 2921 1113 2997 quod

63 3011 156 3080 absit,
177 3010 213 3069 ad
229 3013 471 3069 sacramentorum
489 3011 756 3070 administrationem
774 3028 832 3069 non
850 3011 952 3070 audeat
968 3009 1112 3080 amedee,

63 3099 119 3155 nisi
140 3101 217 3171 prius
237 3099 320 3157 eorde
346 3101 496 3173 paeniteat;
519 3099 610 3158 sedai
628 3100 729 3158 hebeat
750 3100 859 3172 eopiam
877 3097 1065 3167 commeani,
1085 3105 1115 3155 et

61 3189 212 3259 temporis,
232 3188 341 3262 locique
360 3190 431 3246 ratio
448 3187 538 3256 ierat,
558 3190 686 3247 convenit
703 3188 838 3246 eonilteri.

116 3276 298 3347 Quacumque
323 3275 400 3347 diei,
419 3291 453 3333 ae
469 3277 558 3334 noetis
580 3277 648 3334 born
668 3275 704 3334 ad
727 3277 903 3334 Sacramenta
932 3272 1113 3333 ministranda

62 3361 223 3431 inuehitur,
244 3363 353 3420 nullam
372 3362 464 3421 offleio
483 3379 535 3421 auo
555 3363 734 3436 praestando,
753 3365 904 3438 presertim
922 3362 947 3421 si
964 3362 1114 3420 necessitas

63 3456 184 3521 urgeat,
210 3465 315 3507 moram
344 3451 521 3524 interponat,
538 3466 571 3509 ae
591 3460 733 3525 propterea
761 3453 897 3526 populum
925 3466 1014 3523 saepe,
1033 3456 1115 3522 prout

63 3552 124 3593 eese
150 3536 232 3594 oiiert
253 3540 382 3609 occasio,
405 3540 605 3612 praemonebit,
621 3548 655 3598 ut
671 3555 736 3598 oum
759 3556 839 3599 suero
864 3539 1018 3596 ministerio
1044 3551 1114 3608 opus

62 3622 165 3692 buerit,
178 3640 208 3681 se
219 3628 423 3699 quamprimum
442 3627 555 3684 advocet
567 3668 576 3697 ,
589 3627 669 3685 nulla
687 3627 819 3701 temporis
829 3668 838 3697 ‚
850 3635 900 3684 aut
912 3625 1113 3699 eujuseumque

63 3713 233 3771 incommodi
252 3715 346 3772 habita
364 3716 480 3773 ratione.

117 3805 179 3875 ipse
196 3820 260 3861 uero
282 3813 431 3878 antequam
450 3804 485 3862 od
504 3804 664 3878 huiuamodi
691 3804 960 3862 administrationem
980 3800 1112 3870 amini,

64 3890 244 3961 paullulum,
261 3892 285 3948 si
307 3895 497 3966 opportunitas
515 3892 644 3963 dabitur,
663 3892 781 3950 orationi
793 3933 802 3961 ,
814 3899 842 3949 et
852 3906 937 3950 mern
954 3890 1016 3957 rei,
1029 3903 1113 3962 wem

63 3985 179 4034 aetorum
199 3986 262 4048 est,
283 3979 455 4038 meditationi
475 3982 604 4048 vacabit,
625 3988 708 4054 atque
727 3979 853 4038 ordinem
872 3976 1068 4047 ministrandi,
1087 3984 1115 4033 et

63 4067 242 4125 eaeremoniis
263 4082 312 4140 pro
332 4069 464 4142 temporis
482 4071 573 4144 spatio
595 4067 762 4142 prandebit.

966 4180 977 4237 l
