2782 4696
415 289 459 352 lic
483 290 682 355 sacramento
709 291 866 373 Baptismi.
1129 297 1169 360 53

132 421 225 499 tam,
248 415 373 501 tibique
393 417 593 483 monuero
614 416 731 482 servire
744 420 914 484 mereitur.
933 419 996 484 l'ar
1011 419 1172 486 Christum

133 525 282 589 ominum
304 530 462 589 nostrum.
719 529 720 532 ’

171 635 210 714 rt.
239 632 355 694 Amen.

171 736 203 800 Si
231 735 451 819 pluresue,
480 733 662 818 precedens
691 734 800 799 Oratio
829 734 954 798 dicatur
975 736 1008 799 in
1032 754 1165 799 numero

133 842 238 908 lurali.

171 952 263 1013 Tunc
288 947 440 1012 Sacerdos
460 947 603 1030 pollice,
630 955 662 1010 ot
684 946 788 1011 indico
809 947 923 1029 accipit.
947 949 985 1011 dc
1012 951 1080 1032 ipso
1103 951 1167 1013 salo

133 1054 280 1119 caedicio
288 1101 297 1135 ‚
316 1061 349 1118 ct
371 1054 512 1119 immittit
534 1054 568 1118 in
590 1074 627 1117 os
647 1053 768 1131 illecti,
786 1052 913 1117 dicens:
933 1056 971 1118 N.
995 1057 1111 1141 Accipe
1124 1056 1171 1122 sal

133 1161 296 1247 pterea:
319 1160 508 1247 propitiatio
528 1162 569 1225 sit
591 1160 651 1226 tibi
663 1162 697 1225 in
709 1161 807 1225 vitam
822 1162 982 1226 aternam.

170 1275 211 1354 a).
240 1267 356 1333 Amen.

169 1374 338 1440 Sacerdos.
363 1371 431 1436 Pax
452 1369 515 1436 tibi

169 1485 210 1566 ap.
238 1477 281 1542 lit
303 1492 378 1542 oum
399 1477 514 1561 spiritu
535 1482 604 1542 taso.

285 1583 439 1649 (iremus.
865 1588 988 1651 Oratio.

184 1707 247 1756 eus
261 1691 395 1756 Petrum
407 1689 615 1772 nociturum,
643 1691 729 1756 Deus
749 1690 904 1755 universe
918 1689 1067 1755 conditor
1086 1692 1170 1755 reri·

186 1796 289 1877 titis,
308 1801 344 1861 te
362 1796 523 1881 sdpplices
539 1799 730 1880 exoramus,
752 1803 790 1862 ut
808 1796 895 1862 hunc
909 1794 1065 1862 famulum
1077 1801 1169 1861 tuum

134 1950 143 1968 .
162 1901 331 1984 respicere
350 1900 489 1984 dignius
507 1903 687 1988 propitius,
710 1909 743 1968 ct
761 1902 826 1968 hoc
845 1900 1001 1986 pibnium
1018 1900 1091 1965 salis
1104 1917 1168 1984 gu·

135 2008 267 2090 intem
290 2024 358 2072 non
379 2007 499 2075 diutim
520 2009 640 2073 esurire
661 2010 843 2092 permittas,
866 2025 933 2092 quo
959 2006 1065 2071 miuus
1093 2006 1168 2071 cibo

135 2112 269 2198 piatur
282 2114 417 2197 coelesti3
438 2117 596 2200 quemme
619 2116 662 2180 sit
682 2133 806 2198 semper
819 2113 936 2199 spiritu
950 2111 1095 2194 feruens,
1111 2131 1169 2198 spe

135 2217 270 2302 ndens,
295 2227 354 2285 tuo
378 2238 502 2304 semper
520 2221 643 2286 nomini
659 2222 821 2302 serviens,
846 2227 879 2285 et
895 2237 992 2304 quem
1013 2218 1055 2284 ad
1077 2237 1169 2285 nova

135 2326 356 2411 generationis
377 2326 539 2392 leviarum
559 2327 761 2413 perduxisti,
785 2345 989 2412 quesumus,
1006 2311 1167 2409 Domine,

135 2439 142 2497 t
251 2430 402 2498 iidelib'us
415 2434 480 2498 tuis
493 2435 741 2517 promissionum
759 2437 889 2499 tuarum
908 2434 1024 2498 eterna
1038 2433 1169 2517 prumia

135 2537 264 2624 insequi
277 2541 451 2604 mereatur.
465 2541 529 2606 Per
541 2540 702 2607 Christum
717 2541 889 2605 Dominum
905 2544 1062 2604 nostrum.

169 2647 208 2728 til.
236 2646 352 2711 Amen.

169 2750 203 2813 Si
224 2749 336 2835 plures
351 2749 414 2815 sint
427 2748 549 2816 dicatur
562 2749 695 2832 singulis
707 2754 747 2817 li.
760 2751 878 2836 Accipe
890 2750 939 2815 sal
950 2755 1012 2814 etc.
1032 2754 1063 2812 ct
1079 2765 1163 2832 praa-

136 2856 221 2923 dens
237 2857 352 2923 Oratio
369 2859 455 2925 Deus
472 2860 604 2926 Petrum
623 2863 808 2925 normarum
828 2857 861 2920 ln
884 2873 1017 2920 numero
1032 2854 1161 2939 plurali.

168 2961 201 3027 si
221 2963 307 3027 inter
325 2962 452 3026 Electus
472 2960 578 3026 adsint
597 2962 765 3042 Foeminar,
788 2958 938 3027 recedant
956 2962 1078 3044 ipsein
1093 2979 1165 3045 par·

136 3086 192 3151 m,
220 3087 392 3153 quousque
418 3069 515 3134 tertio
541 3069 668 3134 dicatur
689 3068 858 3133 Masculis:
891 3071 955 3136 Ora
978 3069 1085 3136 Electa
1103 3076 1165 3137 etc.

158 3175 192 3240 hi
213 3175 333 3258 signati
355 3175 473 3239 iuerint
493 3175 527 3239 in
549 3175 669 3239 fronto.

169 3284 202 3346 Si
227 3282 339 3367 plures
367 3283 431 3346 siut
458 3281 586 3364 illecti,
607 3281 661 3347 hic
678 3288 711 3347 et
730 3282 763 3347 in
785 3282 991 3367 sequentibus
1012 3280 1164 3347 Sacerdos

137 3394 189 3455 cut
209 3390 244 3454 in
262 3406 397 3454 numero
415 3388 555 3472 plurali:
578 3388 675 3452 Orate
690 3387 809 3470 electi,
827 3387 945 3452 llietita
960 3405 1063 3469 geum
1080 3394 1142 3453 etc.
1268 3439 1272 3446 .

168 3495 295 3561 Deinde
319 3493 472 3560 Sacerdos
494 3494 581 3562 dicat
603 3513 700 3580 super
720 3495 894 3560 masculum
914 3500 1050 3559 tautum.

172 3600 240 3668 ors
251 3643 262 3684 ,
286 3598 420 3682 Eleate,
442 3600 535 3665 ileote
557 3615 684 3682 genus,
709 3604 742 3662 ct
759 3597 829 3663 dia:
848 3600 943 3663 Pater
956 3604 1077 3664 noster.

169 3708 210 3771 iii
231 3704 560 3787 Electosgenuilexus
582 3712 676 3785 orat,
698 3712 729 3769 ct
752 3703 828 3770 dicit
854 3705 949 3768 Pater
970 3709 1080 3768 noster
1100 3709 1161 3766 etc.

169 3814 296 3877 Etcum
308 3810 422 3876 dixerit
435 3830 535 3896 usquo
549 3811 590 3875 ad
608 3807 670 3873 Sed
683 3808 783 3875 libem
797 3827 856 3875 nos
871 3808 988 3873 amulo
999 3808 1162 3874 inclusive.

169 3917 325 3984 Sacerdos
342 3901 437 3981 dicit:
461 3919 567 4000 Lesa,
586 3917 713 4000 comple
729 3917 905 3982 orationem
921 3921 1027 3999 mam,
1046 3923 1079 3983 ct
1093 3917 1165 3984 dic:

137 4034 219 4090 Μ.

172 4128 314 4214 Electus,
338 4146 490 4215 surgens,
514 4129 707 4216 respondet:
738 4129 851 4195 Amen.
