2782 4696
167 262 206 324 it
528 231 649 316 ‘ltitualo
672 252 848 316 Rauranum

237 382 273 454 i.
295 385 446 468 Domine,
470 383 584 449 extudi
606 381 794 447 credonem.
807 398 921 447 meam.

236 493 273 574 s).
293 492 333 554 Et
354 490 475 555 clamor
496 507 586 554 mens
607 487 649 554 ad
671 495 703 553 te
726 487 843 551 vemat.

237 591 273 665 ul.
297 597 454 663 Dominus
474 596 653 662 schacum.

236 703 262 781 sl
295 703 335 766 st
355 721 430 768 cum
451 703 566 788 spiritu
586 709 657 767 tuo.

349 876 351 880 Α
624 804 767 873 duma.

202 914 211 919 ’
242 915 445 999 mulpotans,
468 914 659 1000 sempiterne
680 915 790 995 oeus,
808 912 865 997 qui
881 908 997 975 dedisti
1017 907 1146 976 famulis
1162 910 1219 973 tuis

242 1020 276 1083 iu
299 1018 722 1100 conscisceremus,
748 1024 871 1094 autema
895 1014 1059 1080 munus
1086 1013 1218 1098 plurim

169 1126 341 1208 agnoscere
361 1171 371 1207 ,
395 1131 429 1190 et
449 1127 482 1191 in
504 1126 647 1210 patenas
673 1122 844 1208 majestatis
872 1120 1017 1187 adone
1038 1121 1215 1186 uuitaoem:

168 1247 368 1313 quaesumm,
384 1238 421 1296 nt
433 1230 577 1316 ejusdem
590 1231 666 1296 fidei
680 1230 854 1311 firmitate,
870 1227 911 1292 ab
927 1225 1077 1292 omnibus
1098 1244 1220 1310 semper

168 1335 350 1405 nudamur
372 1337 520 1402 aduersis.

637 1432 759 1496 Oratio.

240 1543 331 1612 doato
354 1545 639 1630 supplicationibus
660 1548 803 1626 nostris,
828 1545 1031 1629 omnipotens
1052 1544 1167 1608 Deus:
1191 1549 1221 1607 ct

244 1651 335 1735 quod
355 1651 543 1717 humilitatis
562 1658 677 1718 nocua
691 1649 865 1734 gerendum
881 1655 929 1716 est
942 1650 1144 1730 amnena,
1161 1656 1222 1712 tue

171 1756 297 1823 diutia
317 1758 487 1842 impleatur
508 1758 637 1822 clima.

636 1855 757 1917 Oratio.

253 1987 292 2051 a,
308 1986 487 2055 Quantus
508 1969 667 2049 Domine,
684 1968 792 2034 Electo
809 1975 921 2034 nostro
936 2013 946 2050 ,
964 1973 1001 2033 nt
1015 1968 1135 2033 uncus
1148 1965 1224 2032 cdo-

252 2080 321 2139 ctus
337 2075 515 2159 mysteriis,
535 2080 567 2139 et
578 2076 751 2141 renovetur
762 2074 853 2141 tonte
866 2073 1088 2158 Baptismutis,
1103 2072 1223 2138 etintu

171 2179 316 2245 Eccleaia
337 2186 400 2244 tuae
420 2179 561 2244 membra
582 2181 777 2247 emeretur.
795 2180 857 2247 Par
874 2179 1034 2246 mum
1049 2178 1219 2244 Dominum

170 2291 327 2353 nostrum.
377 2285 413 2365 ul.
435 2287 548 2350 Amen.

239 2389 269 2450 Si
287 2387 393 2469 plures
409 2385 529 2450 tuerint
543 2384 746 2467 baptizandi,
765 2382 831 2449 lraec
852 2386 946 2449 tertia
969 2384 1079 2450 Oratio
1103 2384 1222 2452 dicatur

175 2496 207 2556 in
230 2511 364 2557 numero
386 2493 513 2575 plurali.

240 2599 364 2664 Deinde
386 2598 539 2665 Sacerdos
561 2598 707 2682 procedit
724 2595 865 2662 adfores
887 2597 1055 2679 Ecclesia,
1071 2604 1104 2664 ct
1120 2606 1179 2664 stat
1194 2600 1221 2661 iu

175 2707 295 2788 limine,
318 2705 558 2772 catechizandus
579 2723 655 2770 vero
678 2710 766 2769 extra
786 2704 894 2769 limen
906 2700 951 2770 lit
966 2704 993 2768 si
1006 2712 1083 2769 sunt
1097 2707 1219 2790 plnres,

175 2831 277 2876 mares
299 2820 331 2876 et
352 2813 510 2893 faemina,
533 2811 578 2875 illi
604 2811 646 2877 ad
669 2809 832 2877 dexteram
854 2809 1056 2893 Sacerdotis,
1080 2811 1130 2877 ha
1150 2827 1221 2875 vcro

175 2916 216 2982 ad
233 2919 390 2981 sinistrum
410 2923 601 2982 statuantur.

239 3022 392 3087 Sacerdos
412 3023 612 3104 interrogat:
635 3026 707 3106 Quo
730 3026 857 3097 nominc
878 3025 1035 3090 socom

240 3129 490 3194 catechumenus
511 3127 703 3213 respondet:
727 3133 766 3196 N.

236 3235 402 3300 Sacerdos.
431 3237 469 3298 N.
493 3236 570 3320 quid
594 3238 677 3320 petis
698 3237 738 3302 ab
760 3237 898 3302 Ecclesia
919 3237 988 3300 Dei.

238 3345 277 3426 sl.
299 3341 420 3407 Fidem.

234 3445 400 3511 Sacerdos.
429 3450 542 3530 lidus,
569 3449 648 3534 qnid
671 3450 730 3514 tibi
751 3449 907 3534 praestat?

237 3555 276 3635 sl.
296 3556 402 3623 Vitam
423 3556 581 3620 eternam.

236 3657 401 3727 Sacerdos.
427 3662 459 3726 Si
472 3662 519 3726 vis
536 3662 654 3727 hahere
667 3662 764 3726 vitam
777 3663 945 3740 uternam,
960 3677 1052 3725 serva
1065 3656 1222 3724 mandrita.

174 3767 295 3851 Diliges
316 3769 489 3834 Dominum
510 3771 613 3834 Deum
634 3774 727 3834 mum
748 3785 787 3832 cx
807 3773 880 3832 toto
903 3766 1000 3833 eorde
1022 3773 1081 3832 tuo
1101 3811 1111 3846 ,
1133 3771 1169 3831 ct
1188 3782 1225 3830 cx

174 3877 245 3939 tuta
266 3874 372 3939 daiam
393 3881 450 3939 tua
464 3920 473 3956 ,
489 3880 575 3939 etex
591 3881 659 3940 totu
674 3880 780 3940 mente
796 3880 875 3955 tna,
892 3879 925 3937 ct
938 3872 1121 3957 proximum
1136 3877 1228 3936 tuum

175 3977 260 4043 deut
280 3984 312 4042 te
333 3978 449 4062 ipsum.
474 3981 513 4045 ln
534 3979 585 4046 his
606 3980 734 4047 duobus
752 3977 910 4044 mmdatis
925 3982 995 4042 tota
1008 3977 1073 4042 Lex
1088 3973 1227 4060 pendet,

175 4089 209 4150 et
229 4084 409 4168 Propheta.
435 4084 526 4150 Fides
549 4092 652 4151 autom
674 4092 742 4166 cst,
765 4089 802 4149 ut
824 4099 924 4148 uuum
944 4082 1049 4148 Deum
1068 4082 1104 4145 in
1124 4081 1232 4145 Trini-
