2812 5070
178 657 242 722 222
535 645 653 707 lltluulc
677 646 864 708 'llumunuun

177 777 328 834 Ecclesiam
347 775 567 834 benedictionem
586 776 748 850 accepturi,
767 785 795 834 et
812 784 881 833 tune
903 784 997 834 careat
1014 774 1174 844 Sacerdos,
1198 794 1231 835 ne

178 866 279 922 iterum
292 884 308 923 a
319 865 548 925 contrahentibus
565 880 732 925 consenum
749 865 857 939 erigam
869 864 918 922 red
932 872 1044 923 tanturn
1061 866 1232 925 benedictio

177 970 240 1010 nem
261 955 316 1011 illis
336 952 478 1021 conferat,
499 953 636 1012 celebrata
654 952 758 1023 itha,
776 962 809 1009 ut
825 952 897 1010 tntu
917 952 1034 1011 dicetur.

230 1040 442 1098 Admoneantur
461 1051 592 1113 praterea
609 1040 761 1114 conjugae,
772 1050 804 1097 ut
816 1049 964 1114 aanuam
982 1042 1168 1110 contrahant,
1182 1060 1228 1101 ura

176 1140 288 1202 peccata
306 1129 454 1202 diligenter
473 1130 678 1197 confiteantur,
697 1137 726 1186 et
742 1128 779 1186 ad
795 1130 837 1186 So.
858 1129 1061 1187 Eucharistiam
1074 1170 1083 1198 ,
1097 1139 1182 1203 atquc
1194 1132 1228 1188 ad

176 1218 347 1275 Matrimonii
365 1219 573 1274 Sacratnentum
592 1216 798 1290 suscipiendum
817 1217 861 1290 ple
878 1216 1031 1287 nonedam,
1046 1227 1078 1276 et
1090 1219 1226 1291 quomodo

176 1307 207 1362 in
218 1322 250 1362 eo
266 1315 338 1361 recte
349 1315 377 1362 ct
389 1305 537 1362 christiane
545 1306 698 1362 conversari
708 1305 842 1375 debant,
853 1304 1002 1379 diligenter
1012 1307 1225 1363 instruanturer

176 1392 268 1449 divina
282 1394 437 1466 Scriptura,
449 1394 574 1466 exemplo
585 1393 679 1450 Tobiae
692 1401 720 1450 et
730 1395 804 1450 Sarae
815 1392 957 1467 verbisque
969 1394 1072 1466 Angeli
1081 1394 1225 1467 Rephaelis

174 1497 223 1538 eos
241 1479 399 1550 edocentis,
417 1497 502 1554 quam
517 1489 611 1538 nancte
628 1479 762 1554 coniuges
778 1479 896 1538 debeant
912 1481 1065 1538 convivere.

229 1570 371 1624 Postremo
388 1567 566 1625 meminerint
582 1568 718 1636 Paroolri,
733 1584 748 1624 a
761 1569 907 1625 Dominica
919 1570 942 1624 Ι.
957 1567 1121 1635 Adventus,
1139 1585 1224 1642 usque

174 1655 211 1712 ad
229 1656 303 1713 diem
319 1656 499 1729 Epiphaniae,
517 1665 545 1714 et
561 1673 579 1714 a
596 1656 675 1714 Feria
694 1658 741 1713 lv.
760 1658 914 1724 cinerum,
932 1671 1021 1728 usque
1039 1657 1077 1713 ed
1095 1659 1221 1713 Octavam

174 1744 288 1802 Paschae
296 1744 439 1814 inclusive,
453 1745 641 1802 solemnitates
651 1746 812 1818 nuptiarum
824 1744 977 1817 prohibitas
987 1761 1060 1814 eree,
1073 1754 1107 1802 ut
1117 1746 1223 1818 nuptias

174 1832 353 1900 benedicere,
373 1848 502 1905 sponsam
522 1832 683 1904 traducere,
702 1833 837 1906 nuptialia
855 1833 992 1890 celebrare
1014 1833 1151 1889 convitia.
1168 1835 1221 1889 lla·

175 1921 338 1978 trimonium
357 1928 451 1978 autem
471 1923 548 1978 omni
566 1930 689 1995 tempore
705 1922 831 1979 contrahi
848 1930 948 1995 puteat
967 1922 1081 1994 Nuptiae
1096 1937 1160 1978 rem
1170 1937 1220 1994 qua

174 2008 254 2066 decet
267 1999 399 2066 modestia
408 2018 437 2066 et
445 2010 587 2069 honestate
596 2010 664 2066 liant
674 2027 682 2066 ι
694 2017 789 2068 sancta
802 2009 877 2067 enim
889 2026 932 2067 rer
943 2017 986 2066 ert
995 2008 1219 2075 llamimoninm,

172 2106 322 2171 sancteque
337 2096 522 2155 tractandum.

227 2188 296 2256 Quae
313 2186 408 2242 omnia
425 2185 483 2243 fare
493 2203 525 2243 ex
536 2188 609 2244 sacri
627 2187 744 2244 concilii
762 2187 918 2244 Tridentini
928 2185 1048 2244 decretis
1059 2185 1218 2259 desumpta,

172 2274 279 2331 etitem
291 2274 345 2331 alia
355 2315 363 2342 ,
375 2290 438 2348 quae
448 2275 487 2332 ibi
499 2275 534 2332 de
544 2275 723 2334 Matrimonio
731 2277 783 2335 rite
794 2274 984 2336 contrahendo
1001 2275 1217 2350 precipimur,

173 2369 241 2418 sunt
258 2361 406 2435 diligenter
424 2363 566 2422 seruanda.
