2782 4696
294 223 339 290 40
645 215 769 281 Ritnalc
792 215 981 278 llomanum.

356 341 428 423 lpsc
445 356 522 404 vero
543 339 731 424 Neopliytus
753 339 898 404 cumdem
915 354 1041 402 cereum
1060 353 1228 400 accensum
1247 340 1340 402 manin

290 443 351 509 bus
367 452 473 510 teneat
491 448 641 529 usquein
658 445 780 526 finam,
801 452 1011 529 praeterquam
1030 443 1108 508 dum
1122 444 1338 509 confirmauit.

357 553 396 616 In
414 552 560 616 Ecclesiis
581 559 685 616 autern
699 552 756 615 uhi
769 552 950 633 Baptismus
963 550 1000 614 fit
1012 569 1072 634 per
1092 552 1339 633 immersionem,

291 659 356 721 sive
379 657 478 721 totius
502 658 670 741 corporis,
691 657 758 722 sive
782 659 893 741 eapitis
915 664 1065 738 tantum,
1087 656 1242 721 Sacerdos
1263 658 1340 720 aeci-

291 765 358 846 piat
385 764 527 827 Electum
552 783 609 845 per
637 763 767 828 brachia
795 781 897 847 prope
923 763 1099 843 humeros,
1125 768 1158 826 et
1182 765 1341 846 superiore

293 874 380 951 purte
404 870 549 952 corporis
571 868 727 933 nudatum
743 915 763 949 ,.
776 869 901 950 reliqua
922 868 1053 932 honeste
1074 873 1278 948 contectum,
1295 873 1340 929 ter

291 973 403 1053 illum,
426 974 474 1037 vel
497 981 593 1057 eaput
615 973 682 1057 ejus
704 974 899 1056 mergendo,
923 980 956 1037 et
978 975 1073 1038 toties
1095 972 1249 1036 elevando
1260 971 1339 1051 ,pba-

292 1079 388 1160 ptizet
413 1078 473 1142 sub
495 1080 579 1143 trina
601 1081 820 1159 immersione,
835 1081 882 1143 Ss.
906 1079 1093 1145 Trinitatem
1108 1078 1206 1142 semel
1222 1083 1340 1140 tantun

291 1186 336 1247 sie
358 1184 558 1249 invocando:
582 1191 653 1276 Ego
670 1195 704 1258 te
724 1187 851 1279 baptizo
869 1192 903 1261 in
923 1191 1053 1262 nomina
1068 1190 1191 1277 m,
1210 1190 1244 1256 ᾖ
1263 1201 1342 1247 mer·

292 1297 347 1372 gat
361 1291 476 1354 semel:
503 1301 536 1362 et
547 1296 634 1382 mii,
651 1298 685 1366 ᾖ
710 1297 832 1374 mergat
849 1293 964 1355 iterum
979 1311 988 1354 ι
1013 1305 1047 1365 et
1065 1297 1203 1387 spirim
1221 1296 1344 1382 snei,

296 1403 330 1468 »Β
356 1403 478 1478 mergat
495 1397 591 1459 tertio
608 1417 615 1457 ε
639 1399 792 1478 Potane,
811 1397 863 1460 vel
878 1398 1013 1462 Matrina
1027 1443 1036 1479 ,
1052 1395 1105 1461 vel
1118 1401 1259 1479 utroque
1274 1411 1343 1459 eum

292 1507 436 1584 tenente,
461 1503 513 1566 vel
535 1509 694 1585 tangente.

359 1608 399 1669 Et
420 1626 493 1671 enni
515 1607 642 1670 Electus
664 1609 834 1672 surrexerit
852 1607 893 1671 de
914 1609 1034 1688 Fonte,
1052 1606 1201 1672 Petrinus
1215 1605 1269 1670 vel
1284 1606 1344 1670 lla·

291 1712 376 1776 trina
399 1731 470 1776 curu
492 1713 590 1776 linteo
612 1713 646 1775 in
668 1713 813 1777 manibus
842 1714 974 1796 suscipit
1003 1730 1075 1776 cum
1104 1711 1144 1775 de
1169 1729 1269 1775 uranu
1290 1713 1343 1775 Sa-

293 1817 457 1881 cerdotis:
484 1825 517 1880 et
542 1818 694 1883 Sacerdm
722 1819 857 1883 intincto
886 1819 1003 1902 pollice
1032 1817 1163 1882 dextero
1193 1816 1228 1881 in
1255 1833 1342 1881 sacro

293 1921 495 2001 chrismate,
523 1924 614 1987 illum
633 1925 667 1987 in
689 1926 808 1989 vertice
829 1925 862 1988 in
884 1923 1017 1989 modum
1039 1923 1148 1988 (nucis
1168 1925 1339 2006 perungit,

293 2024 418 2090 dicens:
446 2029 532 2098 Deus
550 2031 753 2119 omnipotens
767 2078 778 2117 ,
794 2032 891 2100 Pater
903 2031 1033 2105 anini
1046 2031 1151 2101 nostri
1163 2030 1241 2099 lem
1254 2028 1346 2098 ssiri·

297 2138 357 2218 ni,
375 2142 437 2202 ete.
454 2133 514 2198 fol.
533 2137 587 2199 39.

358 2237 480 2300 lleindc
494 2238 645 2305 Sacerdos
658 2242 794 2325 imponit
805 2243 901 2327 capiti
913 2239 981 2324 ejus
991 2240 1175 2324 linteolum,
1187 2257 1244 2306 sen
1258 2237 1342 2305 Chu-

294 2343 408 2423 srnole,
425 2352 457 2407 ct
472 2344 527 2409 dat
541 2348 570 2408 ci
585 2354 703 2410 vestem
723 2348 912 2430 candidam,
935 2348 1063 2412 diceus:
1090 2349 1211 2435 neapo
1230 2354 1346 2417 venen

298 2453 489 2539 oendidnm,
511 2461 574 2521 etc.
594 2453 640 2516 fol
663 2456 716 2517 39.

359 2556 398 2618 Et
414 2558 517 2621 statim
532 2558 684 2640 predicto
701 2561 798 2623 linteo
814 2559 1022 2640 abstergitur,
1038 2566 1070 2623 et
1084 2558 1118 2622 in
1131 2559 1206 2623 loco
1221 2562 1338 2623 semoto

293 2661 426 2726 vestitur
440 2665 533 2728 noris
545 2671 578 2729 ct
591 2665 671 2730 albis
685 2665 825 2730 vestibus
839 2711 848 2741 ‚
865 2671 897 2727 ot
910 2665 1065 2728 exteriore
1079 2663 1232 2745 candida,
1249 2679 1337 2748 quam

292 2770 427 2851 aceepit.

358 2877 473 2938 Postea
504 2875 557 2939 dat
582 2877 612 2940 ci
637 2875 789 2941 Sacerdos
819 2874 982 2941 candelam
1009 2894 1173 2941 accensam
1195 2878 1229 2940 in
1251 2891 1334 2941 mauu

294 2977 443 3058 dextera,
465 2980 596 3044 dicens:
622 2983 740 3070 Accipe
759 2982 960 3071 ldmpadem,
980 2993 1044 3052 etc.
1065 2983 1123 3047 fol.
1148 2984 1203 3046 39.
1225 2981 1335 3046 Eodem

293 3082 417 3164 modo,
444 3086 469 3147 si
494 3086 601 3167 plures
623 3087 767 3169 fuerint,
793 3086 828 3150 fit
850 3105 909 3170 pro
932 3089 1074 3169 singulis.
1098 3090 1211 3152 Postea
1234 3087 1332 3153 dicat:

295 3189 333 3249 N·
361 3190 451 3259 Vade
467 3192 501 3259 in
521 3209 629 3278 paca,
651 3199 685 3260 et
703 3194 857 3262 Dominus
877 3195 918 3262 sit
935 3201 1054 3263 meum
1121 3196 1160 3279 al·
1186 3196 1297 3264 Amen.

358 3297 390 3357 Si
405 3294 486 3359 adsit
501 3297 698 3381 Episcopus,
717 3299 773 3382 qui
788 3297 821 3363 id
834 3299 973 3379 legitime
996 3306 1145 3383 prestare
1166 3300 1285 3382 possit,
1301 3293 1335 3361 ab

294 3418 332 3462 co
350 3400 510 3484 Neopliyti
530 3405 728 3467 sacramento
753 3404 1009 3468 Conlirmetionis
1029 3405 1208 3469 initiantur.
1224 3400 1335 3468 Deinde

295 3506 321 3569 si
340 3507 421 3569 hora
442 3526 619 3589 congruens
639 3510 755 3589 luerit,
775 3510 954 3575 celebratur
975 3513 1088 3588 llissa,
1111 3511 1162 3573 cui
1184 3506 1336 3593 Neophyli

295 3613 473 3691 intersunt,
493 3619 525 3678 et
541 3616 771 3680 strictissimam
789 3617 1014 3680 Eucliaristiam
1031 3616 1145 3680 devote
1159 3616 1335 3698 suscipiunt.

358 3720 389 3781 Si
412 3738 489 3784 vero
510 3719 553 3783 ob
575 3721 838 3804 baptizandorum
863 3722 1123 3801 multitudinem,
1146 3727 1184 3784 ut
1205 3719 1339 3785 inludia

294 3829 327 3886 et
348 3842 435 3888 novo
458 3825 544 3891 Orbe
567 3827 760 3910 qrrandoque
781 3828 959 3909 contingit,
978 3829 1011 3892 in
1029 3827 1226 3909 singulorum
1242 3825 1340 3908 Bapti-

295 3948 363 3993 smo
386 3935 561 4016 praescripti
574 3935 654 3997 ritus
675 3931 817 3998 adhiberi
838 3953 903 3997 non
917 3940 1070 4017 possunt,
1093 3940 1169 3997 tune
1183 3933 1235 3997 vel
1248 3929 1341 4015 pluri-

295 4036 355 4099 bus
375 4038 469 4101 simul
486 4039 714 4123 adhibeantur,
735 4040 785 4104 rel
797 4043 821 4102 si
836 4046 928 4121 urget
943 4041 1126 4121 necessitas,
1147 4039 1339 4103 omittantur.
