2782 4696
374 305 419 368 De
441 306 654 371 euereizuudis
677 307 809 373 obsessis
831 328 849 373 u
871 309 1040 376 demonio.
1163 320 1232 386 333·

174 438 330 520 Demiuc,
347 436 500 503 virtetem
516 437 658 520 dieboli,
676 438 865 523 fdlucesque
881 436 951 524 ejus
960 439 1086 508 iusidias
1100 444 1224 509 emove:

173 545 290 626 procul
312 545 428 627 impius
448 545 589 608 teutdtcr
610 544 769 627 susegiet:
794 545 835 610 sit
850 546 988 611 neminis
1003 550 1051 613 tui
1067 547 1160 631 siguo
1195 556 1230 620 ris

174 654 184 728 r
210 634 243 700 in
266 637 391 729 fronte)
414 651 551 715 remulus
573 658 647 715 tuus
668 652 834 733 munitus,
857 660 889 716 et
910 653 943 718 in
965 654 1173 722 rumorum
1195 661 1230 721 et

174 758 312 840 corpore
335 748 437 836 (Tres
459 749 574 815 Cruces
595 759 762 835 sequentes
783 752 861 818 siunt
892 755 924 818 iu
953 763 1082 838 pectore
1108 757 1228 823 deme

182 848 281 943 uiaci)
303 865 350 928 ru
373 865 511 948 peeoris
545 863 579 929 e
598 862 693 948 hujus
713 863 838 928 interm
857 863 1028 930 curremus.
1052 867 1100 930 ru
1123 868 1227 932 vue-

173 985 208 1031 m
246 962 279 1028 »Β
294 988 396 1052 reges.
419 973 467 1035 uu
500 969 533 1036 ἦ·
554 989 612 1036 cor
634 968 814 1035 confirmes.
831 970 869 1034 Iu
885 971 990 1036 enimn
1006 969 1230 1039 adversatricis

170 1077 340 1155 potestetis
362 1077 556 1141 teutumeutn
576 1077 773 1141 evanescunt.
797 1076 867 1157 Du,
891 1077 1050 1159 Deminc,
1075 1076 1116 1145 ud
1144 1077 1229 1145 hune

171 1181 406 1247 invocetieuem
429 1183 615 1248 sanctissimi
636 1183 780 1248 Neminie
800 1182 848 1247 tui
863 1185 1020 1265 gretiem,
1043 1189 1081 1249 ut
1096 1186 1153 1267 qui
1167 1185 1229 1250 hu-

172 1287 292 1370 cdsque
320 1288 481 1370 terrebat,
508 1289 639 1354 territus
667 1288 833 1371 rubigini,
864 1296 896 1354 et
925 1291 1028 1355 victus
1048 1289 1227 1372 ubseedm,

170 1391 295 1476 tibique
306 1395 408 1478 pessit
421 1394 474 1458 hic
489 1393 625 1459 {emulus
639 1401 713 1458 tuus
729 1401 761 1458 et
777 1393 874 1459 corde
891 1392 1054 1477 firmetus,
1078 1402 1111 1460 et
1122 1403 1228 1462 mente

170 1498 311 1564 sincerus
333 1499 477 1565 debitum
499 1500 639 1585 prebere
660 1500 856 1566 famuletum.
882 1503 944 1565 Per
965 1501 1151 1569 Demiuum.

247 1602 282 1666 ri·
298 1609 410 1672 Amen.

598 1711 807 1776 exorcismus.

250 1819 345 1904 djero
367 1828 423 1903 te,
448 1839 577 1905 serpeus
599 1822 749 1905 entique,
773 1838 832 1905 per
852 1820 998 1887 iudicem
1018 1821 1167 1886 viverem
1194 1828 1228 1888 ct

247 1929 470 2011 mortuerum‚
488 1947 544 2011 per
559 1929 714 1993 faeterem
729 1935 844 2010 tuum,
859 1946 919 2012 per
934 1928 1088 1994 sceterem
1101 1927 1224 1994 muudi:

167 2053 226 2119 per
249 2053 344 2118 eum,
368 2035 424 2117 qui
447 2033 545 2098 habet
568 2037 762 2117 potestetem
782 2034 909 2099 mittere
930 2040 962 2098 te
985 2034 1020 2100 iu
1035 2033 1224 2116 gehennam,

167 2147 206 2205 ut
228 2139 269 2204 eb
293 2141 355 2204 hoc
377 2139 498 2204 femuio
521 2140 579 2204 Dei
604 2138 642 2200 N.
668 2185 678 2221 ,
704 2140 761 2223 qui
778 2137 822 2205 ud
840 2138 986 2206 Ecclesie
1000 2139 1104 2204 sinum
1116 2139 1228 2205 recer-

167 2249 230 2327 rit,
256 2265 329 2310 eum
351 2230 456 2327 metu,
481 2251 513 2308 et
536 2246 675 2310 exercitu
696 2244 816 2309 fureris
836 2246 885 2310 tui
909 2244 1042 2310 festinus
1070 2243 1225 2310 discedes.

167 2351 293 2436 Adjero
316 2359 349 2417 te
364 2352 481 2416 iterum
519 2352 550 2415 {ir
570 2355 579 2429 t
602 2347 631 2408 iu
651 2347 769 2430 bento)
792 2369 859 2416 nou
874 2369 944 2417 meu
953 2350 1156 2431 iufirmitete‚
1170 2348 1229 2417 sed

166 2457 286 2521 virtete
313 2457 447 2540 Spiritus
474 2458 598 2537 Sancti,
621 2465 658 2522 ut
680 2475 771 2523 erens
792 2455 832 2522 ub
858 2456 922 2521 hoe
945 2457 1068 2525 femulo
1088 2458 1149 2522 liei
1169 2455 1227 2538 bx,

168 2582 265 2647 quem
291 2563 493 2647 emnipoteus
515 2565 603 2627 Deus
619 2563 660 2628 ud
680 2564 848 2645 imegiuem
864 2580 954 2627 suum
967 2562 1056 2627 feeit.
1071 2562 1154 2628 Cede
1166 2562 1228 2645 igi-

167 2676 242 2750 tur,
268 2668 344 2733 cede
367 2686 434 2732 nou
453 2668 556 2748 mihi,
580 2668 639 2733 sed
659 2668 804 2733 ministro
826 2667 955 2733 Christi.
979 2666 1069 2732 lilius
1092 2669 1176 2731 euim
1192 2673 1227 2732 te

166 2782 262 2857 urget
282 2775 450 2857 potestas,
474 2775 580 2856 quite
601 2774 695 2838 Cruci
716 2792 780 2838 suae
803 2769 996 2855 subjugere.
1027 2770 1116 2836 Illius
1146 2771 1227 2837 bru·

167 2880 277 2946 chium
301 2881 532 2960 contremisce,
556 2881 612 2961 qui
635 2880 768 2944 devictis
798 2876 969 2961 gemitibus
990 2875 1127 2957 inferni,
1152 2877 1228 2942 eui·

166 3004 253 3050 mem
269 2987 309 3050 ed
325 2986 429 3051 lucem
444 2985 607 3069 perdexit.
631 2986 679 3049 Sit
699 2984 759 3048 tibi
773 2990 879 3048 terror
895 3000 1012 3066 eorpus
1028 2981 1168 3047 hominis
1190 2988 1225 3051 rit

167 3094 177 3170 (
196 3080 226 3141 iu
253 3089 419 3172 peeturr),
436 3090 477 3154 sit
496 3090 556 3154 tibi
570 3089 712 3155 formido
728 3091 835 3170 imego
851 3089 910 3153 liei
943 3092 976 3158 rb
997 3089 1008 3168 (
1034 3086 1065 3149 iu
1081 3089 1227 3168 trente),

166 3197 404 3277 dennestede,
428 3214 486 3260 nec
503 3196 637 3261 moreris
652 3193 814 3260 discedere
830 3193 871 3258 ub
893 3193 1024 3258 homine
1045 3192 1129 3273 isto,
1147 3209 1229 3276 quo·

167 3303 253 3366 nium
272 3301 468 3385 complecuit
490 3301 615 3366 Christo
639 3302 675 3366 iu
691 3300 824 3373 bomine
845 3297 1002 3364 habitere.
1025 3297 1066 3361 Et
1086 3314 1128 3360 ue
1149 3314 1230 3362 cou-

167 3406 374 3471 temueudum
396 3412 511 3490 putes,
536 3408 614 3471 dum
634 3425 684 3471 me
699 3405 899 3491 percuterem
915 3403 1007 3471 nimis
1023 3419 1089 3466 esse
1104 3402 1229 3485 cogne-

167 3513 241 3578 seis.
257 3515 395 3597 Imperet
406 3512 468 3576 tibi
479 3514 564 3577 Deus
581 3514 635 3578 ee,
652 3514 792 3597 Imperat
804 3509 866 3576 tibi
877 3508 1022 3591 majestas
1037 3507 1153 3571 Christi
1175 3511 1224 3577 rb.

167 3619 312 3702 Imperet
333 3617 391 3682 tibi
411 3619 498 3682 Deus
514 3620 608 3683 Pater
636 3618 669 3684 »1⁴
693 3663 703 3700 ‚
719 3619 860 3700 imperet
874 3614 935 3678 tibi
949 3615 1035 3677 Deus
1051 3611 1149 3676 Filius
1168 3615 1228 3696 riv,

165 3726 301 3809 imperat
323 3724 382 3789 tibi
397 3725 482 3790 Deus
498 3725 632 3808 Spiritus
659 3724 693 3788 ri<
721 3725 864 3788 sauctus.
888 3721 1030 3803 imperet
1043 3715 1103 3783 tibi
1120 3718 1255 3797 Secrcfx

165 3831 312 3896 mentum
340 3833 449 3897 Crucis
477 3827 531 3894 ὦ.
556 3832 697 3914 Imperet
717 3829 776 3894 tihi
792 3826 871 3895 fides
887 3825 1075 3891 Sancterum
1090 3827 1230 3907 Aposto-

168 3937 277 4002 lerum
297 3938 384 4002 Petri
409 3945 442 4002 et
465 3937 571 4018 Puuli,
596 3944 629 4001 et
648 3937 836 4001 eaetererum
864 3935 1053 3998 Snueterum
1078 3931 1138 3998 ei.
1162 3932 1230 3996 Im·

173 4051 266 4127 peret
282 4042 343 4106 tibi
368 4045 544 4128 Martyrum
565 4044 695 4125 sanguis
716 4042 748 4105 ti*
770 4042 936 4124 ‚Imperet
956 4036 1015 4102 tibi
1036 4036 1232 4102 eoutiue'utie

169 4150 397 4216 Comesserum
419 4148 451 4212 rb
475 4196 483 4212 .
509 4151 648 4234 Imperet
672 4149 731 4215 tibi
753 4149 807 4233 pie
832 4146 1019 4214 Snueterum
1043 4148 1075 4208 et
1101 4144 1232 4208 Sancte·
1304 4162 1307 4169 ’
