2782 4696
254 276 297 336 iic
320 274 531 339 exorcizandis
555 277 688 340 obsessis
711 299 727 340 a
751 280 919 344 (recinente.
1062 293 1123 359 327

69 415 147 473 vaide
173 415 323 488 torqueri,
346 424 414 470 tunc
441 415 530 487 magis
555 398 639 470 instet
656 422 684 469 et
706 420 812 485 urgeat.
837 415 874 470 Et
895 413 1003 484 quoties
1027 411 1127 470 viderit

69 504 212 561 obsessum
233 504 263 560 iu
281 503 374 576 aliqua
394 505 517 577 corporis
536 511 612 575 parte
630 502 811 571 commoveri,
831 511 880 559 aut
899 503 1003 575 pungi,
1019 510 1067 559 aut
1083 510 1126 559 tu·

70 607 176 648 morem
194 591 299 648 alicubi
313 608 465 664 apparere,
478 591 517 648 ibi
532 591 615 648 faciat
633 592 745 663 signum
767 591 881 657 Crucis,
901 597 929 646 et
947 594 1025 662 Aqua
1044 589 1126 647 bene·

69 678 143 737 dieta
162 688 309 753 aspergat,
327 696 412 753 quam
431 679 610 737 exorcizando
627 680 659 736 iu
677 688 807 752 promptu
825 677 933 736 babeat.

121 767 256 825 Observet
275 768 357 826 etiam
376 768 412 825 ad
430 785 492 841 qua
510 769 592 825 verba
611 767 751 825 demones
773 767 862 840 magis
888 768 1124 838 contremiscant,

66 863 97 913 et
117 871 150 913 ea
171 857 274 929 saepius
293 864 400 929 repetat
418 876 426 926 ς
446 865 474 914 et
491 855 604 929 quando
626 856 782 929 pervenerit
800 854 835 913 ad
856 856 1124 928 comminationem,

66 959 129 1001 eam
150 944 250 1002 iterum
269 954 297 1001 et
313 946 414 1019 saepius
437 944 583 1018 proferat,
607 961 715 1017 semper
740 961 850 1017 pennam
875 944 1002 1017 augendo
1021 964 1029 1012 ς
1049 962 1082 1002 ae
1100 947 1126 1003 si

66 1033 159 1092 rideat
181 1050 212 1090 se
234 1034 389 1106 proficere,
411 1035 441 1091 in
464 1035 522 1107 ipsa
543 1042 696 1107 perseveret
717 1050 766 1108 per
783 1033 881 1103 duas,
904 1042 958 1090 tres
977 1075 985 1103 ,
1006 1043 1127 1107 quatum

67 1121 166 1191 boras,
188 1129 216 1178 et
236 1121 357 1194 amplius
376 1130 460 1196 prout
480 1122 598 1194 poterit,
621 1121 710 1179 donee
730 1122 873 1179 victoriam
892 1130 1088 1195 consequatur.

120 1210 222 1266 Caram
241 1210 356 1282 proinde
372 1210 513 1268 Exoreista
531 1226 568 1267 ne
585 1209 674 1267 ullam
692 1207 859 1267 medicinam
877 1209 990 1266 infirmo
1013 1209 1126 1269 obsesso

67 1296 207 1369 praebeat,
226 1306 275 1354 aut
291 1296 427 1366 suadeat3
445 1296 494 1355 sed
512 1298 585 1355 hane
603 1313 699 1355 curam
719 1297 834 1354 medicis
852 1297 1001 1370 relinquat.

120 1387 268 1444 Mulierem
284 1388 442 1444 morcizans
455 1428 463 1455 ,
477 1401 586 1458 semper
603 1402 698 1444 seeum
712 1386 814 1443 habat
831 1386 961 1442 honestas
980 1401 1124 1457 personas,

66 1490 130 1548 quse
152 1475 292 1532 obsessam
318 1483 430 1532 tenmnt
447 1518 456 1544 ,
476 1475 544 1532 dum
566 1477 754 1548 exspiratura
773 1473 993 1548 &monianum
1010 1474 1125 1547 quidem

67 1578 195 1635 personas
213 1565 271 1620 sint
289 1564 423 1635 patienti,
443 1565 466 1620 si
485 1563 543 1621 beri
564 1570 673 1637 potest,
693 1563 858 1634 cognatione
876 1562 1026 1636 proximae3
1042 1570 1126 1637 atque

67 1651 220 1708 honestatis
239 1667 345 1709 memor
362 1651 502 1710 Exoreista
519 1659 612 1708 caveat
622 1693 630 1720 ,
642 1666 678 1707 ne
693 1649 761 1723 quid
774 1648 867 1719 dieat,
880 1649 922 1707 vel
933 1648 1017 1706 iaciat
1028 1691 1036 1718 ,
1049 1648 1123 1724 quod

66 1737 139 1802 sibi,
158 1747 208 1795 aut
228 1738 292 1796 aliis
311 1741 418 1798 occano
435 1755 495 1797 esse
514 1741 601 1812 possit
618 1753 708 1810 prarae
725 1736 912 1810 cogiutionis.

119 1829 194 1883 Dum
219 1828 382 1894 exorcizat,
406 1836 503 1885 atatam
519 1843 604 1884 sacrae
624 1828 774 1898 Scriptura
791 1823 881 1883 verbis
902 1826 994 1897 potius
1012 1867 1021 1894 ,
1040 1841 1124 1898 quam

67 1915 151 1984 suis,
174 1922 223 1972 ant
242 1915 349 1972 alienis.
370 1917 527 1990 iubeatque
549 1915 703 1974 damonem
726 1913 818 1971 dicere
835 1955 843 1982 ,
863 1930 900 1970 an
918 1912 1077 1970 detineatur
1093 1914 1125 1972 in

68 2002 119 2060 illu
133 2018 248 2076 corpore
265 2002 302 2061 ob
320 2003 443 2078 aliquem
461 2020 573 2076 operam
593 2004 727 2077 magicam
741 2045 750 2071 ,
763 2010 812 2060 aut
825 2000 951 2059 malefica
969 2001 1049 2074 sigua
1060 2041 1069 2068 ,
1082 2002 1124 2057 rel

67 2089 270 2161 instrumenta,
288 2108 351 2164 quas
368 2093 392 2149 si
412 2092 541 2150 obsessus
558 2092 728 2166 sumpserit,
743 2099 851 2149 evomat
862 2109 870 2160 ς
882 2090 926 2146 vel
936 2088 959 2147 si
970 2088 1038 2146 alibi
1049 2096 1125 2148 enm

67 2193 169 2251 eorpus
180 2177 302 2248 fuerim,
317 2196 348 2237 ea
361 2181 480 2247 revolet,
495 2189 523 2237 et
533 2181 644 2237 inventa
656 2179 865 2238 comburantur.
879 2179 1028 2236 Moneatur
1039 2177 1123 2235 etiam

65 2264 218 2333 obsessus,
239 2277 272 2323 ut
288 2269 455 2325 tentationes
474 2283 539 2325 suas
556 2283 653 2325 omnes
673 2268 821 2325 Exoremus
841 2265 999 2341 patefaciat.

118 2353 148 2409 Si
167 2370 231 2411 vero
248 2354 377 2412 obsessus
398 2355 531 2413 liberatus
547 2355 650 2423 fuerit,
670 2365 838 2425 moneatur,
857 2364 890 2413 ut
907 2354 1054 2428 diligenter
1069 2350 1125 2410 sibi

66 2447 162 2498 careat
174 2457 190 2498 a
204 2442 321 2514 peccatis
334 2484 341 2511 ,
356 2459 393 2500 ne
405 2443 578 2501 occasionem
599 2441 718 2500 daemom
738 2443 858 2515 praebeat
875 2441 907 2500 in
926 2442 1018 2516 ipsum
1036 2455 1125 2499 rever·

66 2527 166 2598 andi,
186 2546 221 2588 ne
238 2531 308 2588 fiant
325 2531 473 2591 novissima
492 2531 613 2588 hominis
630 2531 709 2588 illius
727 2531 819 2605 pejora
838 2530 986 2604 prioribus.

126 2744 238 2826 Itaque
259 2744 436 2825 Sacerdos,
460 2746 526 2809 sive
546 2746 626 2810 alius
644 2750 829 2829 Exoreista,
853 2752 914 2815 rite
936 2752 1110 2837 censemus,

57 2856 113 2915 aut
136 2850 245 2914 saltem
262 2851 358 2915 eorde
379 2859 509 2935 peccata
531 2872 586 2918 sua
610 2850 791 2936 detestans,
816 2865 965 2940 peracto,
983 2862 1009 2924 si
1023 2879 1113 2928 com·

56 2956 153 3020 mode
178 2956 246 3020 fieri
268 2966 392 3041 potest,
418 2961 464 3023 Ss.
481 2961 579 3024 Missae
600 2962 774 3043 sacrificio,
799 2963 971 3048 divinoque
996 2968 1111 3034 auxilio

58 3064 120 3144 piis
141 3065 289 3145 precibus
312 3064 507 3147 implorato,
532 3070 759 3150 superpelliceo
783 3078 815 3133 et
837 3072 917 3135 stole
946 3073 1113 3157 violacea,

56 3166 150 3251 eujus
171 3177 311 3234 extremo
331 3189 405 3252 pars
427 3174 469 3236 ad
492 3173 610 3237 olisessi
629 3176 747 3238 collum
763 3178 1041 3260 circumponatur,
1063 3182 1114 3244 in·

55 3272 177 3355 dutuS,
207 3284 239 3340 et
263 3296 371 3341 coram
396 3299 428 3343 se
451 3280 572 3344 babens
595 3281 756 3347 obsessum
778 3286 936 3366 ligatum,
970 3288 996 3349 si
1018 3287 1114 3351 fuerit

55 3384 252 3465 perieulum,
277 3403 369 3467 oum,
394 3405 445 3468 se,
463 3395 495 3451 et
509 3396 646 3453 astantes
663 3393 858 3455 communiat
875 3393 966 3471 siguo
981 3394 1110 3474 Crucis,

55 3494 90 3552 et
111 3497 258 3571 aspergat
279 3494 371 3574 Aqua
395 3492 582 3576 benedicta,
616 3502 649 3560 ci
679 3498 814 3578 genibus
835 3498 943 3576 ssexiS,
969 3498 1037 3561 aliis
1061 3516 1111 3562 re·

54 3594 305 3679 spondentibus,
330 3598 414 3663 dieat
437 3601 575 3666 litanias
605 3593 778 3670 ordinarias
803 3621 905 3688 usque
931 3602 972 3669 ad
999 3606 1112 3670 Preces

55 3699 228 3781 inclusive,

124 3807 160 3870 in
183 3807 257 3872 tine.
284 3810 477 3894 Antiphone.
502 3807 982 3890 Neremiuiscaris‚1)dmine,
1008 3803 1124 3870 delicta

61 3919 192 3995 namra,
216 3914 268 3980 rel
289 3917 456 4000 parentum
471 3917 680 3999 nostrerum,
704 3933 808 3998 neque
832 3912 1003 3978 vindictam
1019 3928 1124 3977 sumas

62 4018 103 4084 de
132 4022 419 4104 peccatisnostris.

124 4126 228 4192 Pater
249 4134 371 4194 noster.
397 4135 528 4193 seereto.
