2782 4696
267 331 311 392 lle
335 329 546 396 exorcizandis
570 332 702 398 obsessis
725 353 742 397 a
766 334 934 400 dammula.
1065 330 1124 394 341

146 443 312 527 atemplo
344 451 401 510 tuo
434 447 466 509 in
495 447 698 527 Jerusalem,
729 459 740 481 ·
769 447 828 511 tihi
863 448 1000 515 afferent
1037 469 1129 536 reges

72 566 217 614 munera.

141 664 277 740 Increpa
298 659 382 723 feras
404 659 584 741 arandinis,
600 663 807 745 congregatio
827 662 993 727 taurerum
1008 665 1040 728 in
1055 685 1128 731 vae-

70 761 115 824 oie
139 763 361 846 papularum:
391 771 462 830 ‘ut
492 765 663 831 exelsidant
693 785 773 848 eos,
801 769 858 850 qui
891 767 1020 850 probati
1053 778 1127 836 sunt

72 867 221 949 argento.

138 975 266 1059 Dissipa
287 977 419 1059 Gentes,
449 997 520 1062 quae
541 976 626 1042 bella
647 977 783 1043 volunt:
815 981 945 1045 venient
968 981 1065 1063 legali
1087 1001 1126 1047 ex

68 1079 227 1164 AEgypto:
255 1086 271 1112 *
291 1084 452 1168 AEthiapia
474 1085 644 1169 praeveniet
661 1103 774 1150 manus
796 1084 863 1170 ejus
883 1089 963 1153 Deo.

136 1193 251 1271 Regna
272 1195 364 1253 terre
388 1193 512 1254 castelle
533 1191 627 1255 Deo:
651 1195 666 1224 *
690 1191 814 1275 psallite
834 1193 985 1258 Domino.

138 1292 268 1358 l‘sallite
289 1294 386 1376 Deo,
417 1297 473 1379 qui
500 1295 641 1362 aseendit
663 1315 759 1380 super
784 1296 900 1362 eoelam
924 1299 1020 1364 eoeli:
1053 1299 1124 1365 ‘ad

67 1397 242 1461 Orientem.

135 1513 217 1575 Eece
233 1503 323 1568 dabit
337 1507 409 1569 voci
432 1524 496 1570 sua
511 1525 622 1571 voeem
646 1508 793 1571 vietellis:
818 1506 889 1571 date
904 1507 1040 1590 glariam
1054 1510 1122 1573 Deo

65 1626 161 1690 super
182 1609 303 1687 Israel,
329 1620 342 1646 *
365 1611 598 1693 magnificentia
620 1610 709 1695 ejus,
741 1617 774 1674 et
794 1612 895 1676 vietus
919 1610 988 1695 ejus
1006 1613 1039 1676 in
1064 1630 1122 1678 nu·

65 1712 172 1779 bibus.

134 1822 287 1892 Mirabilis
310 1826 395 1888 Deus
417 1826 449 1888 in
471 1825 593 1890 Sanctis
613 1826 701 1905 suis,
723 1826 809 1888 Deus
831 1824 927 1889 Israel
946 1825 1016 1909 ipse
1032 1824 1122 1892 dabit

64 1927 215 1992 vinalem
230 1935 263 1993 et
278 1929 498 1996 lorlitadinem
514 1931 600 2015 plebi
616 1949 701 1994 sua:
728 1942 741 1967 ⁶
766 1929 954 1996 benedictus
963 1932 1064 1996 Deus.

132 2034 247 2104 (ilaris
271 2037 379 2116 Patri,
411 2043 473 2102 etc.

130 2148 263 2230 Psalmi,
290 2144 376 2207 Deus
397 2144 430 2207 in
453 2140 660 2226 adjutorium.
712 2153 781 2218 107.

128 2254 219 2316 Deus
241 2247 428 2312 innomine
455 2254 526 2313 tuo.
561 2260 635 2321 3⁶28,

130 2350 337 2421 confitemini
360 2355 510 2418 Domino.
553 2364 628 2427 317,

480 2467 621 2534 Psalmua
644 2472 697 2534 34.

120 2562 240 2642 adies,
264 2563 424 2645 Damius,
447 2562 598 2628 nocentes
621 2582 688 2627 me:
716 2576 729 2603 ·
752 2563 899 2647 expligna
920 2565 1114 2650 impugnan-

122 2673 169 2731 tes
192 2687 254 2732 me.
1109 2730 1112 2735 .

129 2774 345 2860 apprehende
367 2793 453 2840 arma
479 2781 513 2839 at
533 2782 674 2841 scutum:
707 2792 721 2815 *
737 2781 770 2840 et
790 2776 908 2857 exterge
930 2775 964 2839 in
986 2773 1115 2857 adjuta·

60 2881 144 2945 rium
169 2880 259 2945 mihi.

129 2987 267 3056 Effainde
280 2988 452 3070 frameam,
473 2994 505 3053 et
525 2988 680 3054 eonellids
695 2987 846 3055 adversus
862 3005 944 3068 ees,
968 2986 1026 3072 qui
1037 3005 1115 3073 per·

58 3095 236 3177 sequantur
257 3113 335 3159 me:
363 3106 371 3125 ·
397 3096 449 3160 die
473 3096 582 3159 anima
601 3113 700 3160 mea:
728 3095 816 3160 Salas
833 3102 889 3160 tua
904 3112 965 3178 ago
982 3112 1065 3160 sum.
1104 3152 1108 3170 ,

127 3199 373 3265 confundantur
401 3206 434 3264 et
465 3201 696 3282 revereantur,
732 3216 743 3234 ¹·
766 3200 942 3284 quarentes
975 3199 1114 3264 animam

58 3322 175 3369 meam.

127 3414 323 3477 ,avertantur
345 3413 540 3493 retrarsum,
563 3418 594 3476 et
617 3410 874 3492 confundantur,
903 3432 914 3448 ⁴·
936 3412 1113 3492 cogitantes

58 3515 139 3581 mihi
163 3517 258 3581 mala.

127 3623 219 3687 l'iant
238 3630 401 3708 tamquam
424 3625 530 3709 pulvis
551 3631 624 3688 ante
646 3624 758 3689 faeiem
784 3624 893 3688 venti:
957 3628 990 3687 et
1006 3623 1112 3706 Ange·

58 3725 110 3790 lue
135 3728 265 3792 Damini
292 3731 457 3794 coarctans
479 3747 547 3793 eos.

127 3832 196 3898 Fiat
215 3836 267 3898 via
289 3835 419 3901 illerum
448 3834 587 3900 tenebra
611 3841 644 3898 et
665 3834 850 3899 lubricam:
886 3854 895 3866 ··
913 3839 945 3898 et
972 3832 1111 3915 Angelus

54 3938 184 4003 Damini
208 3942 403 4024 persequens
427 3960 494 4007 eos.

122 4045 286 4121 Quaniam
314 4049 412 4130 gratis
442 4047 677 4114 absconderunt
706 4049 784 4114 mihi
813 4049 976 4114 interitum
1004 4046 1109 4131 laquei

52 4151 125 4216 sui:
151 4152 163 4175 '
189 4169 383 4235 supervacue
411 4152 683 4238 exprobraverunt
702 4155 840 4222 animam
861 4172 975 4222 meam.
