2782 4696
1146 281 1196 330 vn

148 361 247 460 bus,
277 367 353 446 scri
383 393 554 446 seramus
580 393 624 445 su
657 393 701 444 er
724 364 845 446 modo
864 381 903 447 et
919 365 1024 463 ritu,
1054 368 1201 473 quibus

147 471 336 576 praedicta
353 395 583 552 ienedictio
638 470 738 550 anda
761 489 833 550 est.
1198 539 1201 545 .

220 579 411 658 Praeterea
438 578 487 657 ad
514 577 727 657 nonnullas
753 576 839 656 lites
857 594 897 656 ct
913 577 1200 658 controversias

147 699 305 761 exortas
333 712 354 763 e
381 682 509 762 medio
535 681 731 762 tollendas
754 682 890 762 itidem
913 711 987 791 per
1012 683 1106 763 alias
1123 683 1201 760 No

147 801 248 864 stras
275 789 316 866 in
345 789 458 867 simili
484 789 608 867 forma
632 786 763 866 Brevis
780 789 927 867 litteras
946 787 1201 869 confirmave-

147 917 280 969 ramus
307 895 409 1000 leges
435 910 475 972 ct
491 895 669 971 instituta
687 892 977 972 Caeremonialia
987 894 1099 1001 jussu
1118 893 1201 973 No·

147 1012 232 1073 stro
260 996 365 1077 edita
390 1027 465 1104 pro
492 999 788 1077 Provinciarum
817 998 1079 1095 Praesidibus,
1112 999 1200 1078 Gu-

147 1100 444 1197 bernatoribus,
461 1104 633 1182 Praelatis
646 1119 684 1181 et
697 1103 932 1224 Apostolieis
950 1103 1197 1209 Vicelcgatis‚

148 1232 240 1311 quae
267 1226 361 1287 sunt
387 1210 538 1287 tenoris
563 1235 603 1287 se
634 1225 778 1287 uentrs.

222 1314 348 1392 Bulla
376 1313 581 1392 Benedicti
596 1237 724 1392 iilV.
746 1313 870 1421 incip.
895 1312 1016 1412 Quod
1035 1314 1201 1420 Aposto-

148 1416 223 1509 lus,
233 1446 309 1523 pro
324 1421 569 1497 Coeremonin
590 1419 900 1526 iEpiscopornm
911 1419 976 1497 tic
985 1418 1195 1498 omittitur.

220 1523 385 1630 insuper
411 1524 633 1603 Fomnulam
661 1522 793 1602 itidem
821 1523 1137 1618 Benedictionis,
1160 1542 1200 1604 ct

147 1625 391 1707 Traditiouis
417 1628 550 1726 Pallii,
580 1657 625 1708 ac
648 1626 904 1737 jurisjurandi
921 1657 945 1708 a
963 1632 1198 1709 Procurato-

147 1731 258 1809 ribus
285 1733 502 1812 absentium
529 1735 673 1813 Archie
696 1736 953 1841 iscopomm,
987 1751 1078 1815 ante
1109 1761 1199 1813 uam

146 1864 170 1915 a
198 1838 350 1916 Dilecto
371 1839 468 1917 Filio
494 1839 641 1920 Nostro
667 1762 706 1917 i).
733 1841 781 1917 R.
809 1841 855 1917 E.
880 1839 1078 1920 Cardinali
1142 1839 1198 1918 ia-

147 1969 249 2020 cono
277 1941 379 2022 idem
408 1944 571 2022 Pallium
598 1944 820 2051 accipiant,
848 1945 1024 2052 ipsorum
1042 1945 1200 2025 Archis-

147 2048 401 2152 piscoporum
447 2050 605 2129 nomine
644 2048 857 2232 praestandi
901 2076 975 2156 per
1013 2049 1197 2130 Nostram

147 2153 475 2232 Constitutionem
511 2154 576 2233 die
606 2157 693 2233 XI.
731 2155 874 2234 mensis
900 2156 1067 2263 Augusti
1092 2182 1199 2236 anno

147 2255 467 2337 MDCCXLVIII.
482 2259 556 2337 suh
566 2260 733 2339 Plumbo
741 2257 966 2367 expeditam
976 2259 1195 2342 statuimus.

223 2365 349 2442 Porro
394 2363 542 2443 accedit
580 2365 631 2445 ad
671 2366 754 2444 haec
789 2364 997 2446 methodus
1024 2393 1198 2551 guoque

147 2466 295 2546 Scholae
307 2467 515 2549 Sacrorum
528 2471 688 2550 Rituum
706 2473 749 2549 in
762 2470 1009 2577 Gregoriano
1056 2471 1198 2578 ollegio

147 2574 325 2652 Romano
342 2576 460 2681 hujus
481 2575 591 2653 almae
609 2576 729 2655 Urbis
749 2576 902 2655 Nostrae
911 2575 1035 2655 Nobis
1052 2604 1198 2683 appro-

147 2676 332 2757 bantibus
354 2681 540 2759 institutae
567 2709 650 2760 non
677 2681 760 2760 sine
783 2680 898 2759 uberi
917 2708 989 2789 per
1006 2681 1084 2760 hoc
1101 2698 1198 2760 tcm-

147 2809 219 2888 pus
239 2785 283 2861 in
304 2782 430 2863 Sacris
447 2787 602 2864 Ritibus
623 2783 871 2866 addiscendis
888 2784 1084 2892 profectu,
1104 2785 1198 2866 alia·

147 2916 313 2994 rumque
339 2889 390 2968 ad
417 2892 539 2971 instar
564 2891 739 2998 ejusdem
772 2889 951 2988 Scholae,
992 2891 1086 2970 alibi
1117 2891 1197 2999 jam

147 3011 389 3089 erectarum,
427 2998 489 3075 vel
525 2997 825 3103 erigendarum,
894 3025 953 3076 uae
987 2996 1198 3078 methodus

147 3099 278 3176 multis
305 3100 347 3177 in
374 3100 509 3196 libris,
539 3119 578 3181 et
597 3104 793 3209 praecipue
810 3103 852 3180 in
864 3024 1018 3182 decimo
1032 3130 1198 3209 operum

147 3203 378 3282 Nostrorum
406 3206 616 3286 Volumine
643 3211 828 3287 Romanae
846 3206 1029 3286 editionis
1049 3209 1198 3314 reperi-

147 3325 210 3387 tur
222 3311 383 3404 inserta‚
399 3312 727 3419 plurimumquea
745 3313 870 3391 Nobis
883 3311 1193 3410 commendatur,

147 3441 309 3521 eamque
335 3416 549 3521 plurimum
576 3417 761 3497 studiosis
795 3416 1002 3497 Sacrorum
1034 3419 1196 3497 Rituum

147 3520 329 3626 prodesse
354 3540 598 3628 compertum
625 3541 695 3602 est.

213 3627 268 3702 Ea
294 3644 459 3732 propter
484 3657 574 3707 cum
601 3630 726 3708 Nobis
745 3658 768 3706 a
786 3627 1083 3734 quamplurimis
1103 3656 1195 3736 sup-

147 3730 330 3837 plicatum
358 3735 504 3827 l'uerit,
534 3752 580 3813 ut
607 3736 711 3841 typis
739 3735 878 3812 iterum
901 3733 1195 3838 reimprimendi

147 3836 297 3913 Rituale
324 3838 569 3933 Romanum,
596 3839 873 3918 Caeremoniale
893 3839 1192 3944 Episcoporum,

147 3958 182 4020 et
201 3941 427 4021 Pontilicale
441 3946 661 4022 Romanum
681 3942 934 4052 hujusmodi,
964 3961 1003 4021 et
1025 3972 1108 4023 non
1131 3973 1195 4023 so·

147 4047 222 4123 lum
250 4049 291 4124 in
319 4048 454 4127 iisdem
482 4049 677 4129 antedicta
704 4051 834 4129 omnia
861 4049 1026 4130 aNobis
1052 4067 1194 4130 statuta
