2782 4696
409 297 452 358 tte
478 294 764 357 ttcnrttnrmsdan.
1065 290 1129 357 273

532 417 674 482 (mimus.

147 525 333 608 maipeteus
354 528 387 589 et
408 523 588 590 misericors
608 525 713 603 Deus,
737 522 779 588 da
801 521 895 587 nobis
917 521 1068 587 auxilium
1091 520 1131 586 de

147 636 277 712 sancio,
301 636 334 694 et
354 635 432 695 acta
453 630 566 714 pentadi
584 629 684 712 irnjus
704 630 738 694 in
757 628 935 694 humilitdte
952 626 1060 693 cerdis
1076 629 1131 691 vd-

147 755 157 802 r
177 735 578 822 peecntdrumpaseentis,
601 737 754 819 tuquue
775 733 1030 800 benedictidnem
1043 751 1129 818 pra-

147 842 221 907 artis
241 847 276 907 et
299 841 453 924 midam,
487 841 658 906 clementer
687 839 824 905 exaudi:
857 840 1018 906 dexteram
1044 845 1131 903 tuam

147 965 168 1014 r
188 964 265 1013 enm
284 947 440 1030 benignus
461 945 612 1027 extende,
637 966 675 1011 ac
696 946 926 1031 plenitudinem
939 945 1053 1011 divine
1071 944 1131 1010 bc-

147 1054 265 1120 ctiduis
286 1051 437 1135 effunde,
461 1070 527 1138 qua
548 1051 642 1118 bonis
663 1052 814 1118 omnihus
835 1052 1034 1133 eumalium,
1058 1051 1131 1117 feli·

147 1178 204 1228 mr
229 1167 264 1227 et
281 1161 379 1226 vitam
400 1162 615 1245 consequatur
633 1161 791 1225 aetirnam.
811 1160 873 1225 Per
885 1159 1046 1226 Chrimum
1062 1158 1131 1224 ut-

147 1285 194 1335 nn
208 1273 367 1333 nostnms.

147 1380 178 1461 a).
196 1375 312 1438 Amen.

147 1483 220 1551 eost
241 1497 336 1564 quam
359 1478 400 1543 ad
423 1497 522 1544 cornu
538 1479 686 1562 Epistola.
703 1478 848 1547 accedat,
868 1484 902 1539 ut
920 1478 953 1540 in
971 1479 1057 1540 Actis
1074 1479 1130 1539 Ec-

147 1606 174 1653 oe
197 1585 440 1651 mediolanensis
462 1605 533 1669 par.
553 1588 585 1650 4.
613 1585 770 1647 Benedicet
789 1585 823 1645 ia
843 1583 978 1645 Ecclesia
1007 1584 1049 1643 ud
1072 1583 1130 1645 At-

147 1728 158 1772 ,-
185 1699 274 1759 smus
295 1694 328 1756 in
351 1711 451 1756 cornu
474 1691 640 1776 Epistola:
666 1698 698 1754 ct
719 1696 804 1753 stans
826 1690 857 1752 in
880 1707 981 1752 cornu
1001 1689 1131 1772 Episto-

163 1816 233 1864 ncn
259 1799 360 1879 trina,
385 1799 448 1862 hoc
471 1805 538 1878 cst,
571 1798 689 1881 tripiici
715 1797 807 1877 signo
836 1795 967 1875 Crucis,
992 1792 1047 1858 sed
1069 1813 1131 1858 una

147 1903 316 1985 idioticae,
337 1905 430 1969 unico
442 1904 591 1970 ridelicct
605 1904 695 1986 signo
710 1903 837 1984 Crucis,
855 1899 1038 1981 benedicat,
1056 1919 1132 1985 pro-

147 2030 178 2077 ns
201 2009 265 2076 alta
286 2028 365 2076 voce
388 2010 455 2076 haec
478 2009 597 2074 verba:

147 2113 318 2181 Benedicat
333 2131 392 2178 ros
409 2113 613 2198 omnipotens
629 2113 714 2176 Deus
739 2121 772 2187 ὼ
801 2113 920 2190 Pater,
954 2115 987 2173 et
1008 2108 1130 2189 Filius,

147 2220 268 2307 atritas
288 2223 432 2287 Sanetus.

147 2333 180 2410 d.
201 2329 314 2393 Amen.

489 2505 712 2588 RITUS

197 2695 428 2763 Benedictiom's
460 2699 650 2780 apostolica
680 2701 711 2760 in
733 2697 865 2761 articulo
894 2698 1005 2759 mortis

225 2802 475 2868 aSaccrdatiisas
490 2803 529 2868 ad
544 2803 577 2868 id
592 2804 743 2886 ilelrgrrtis
755 2800 980 2887 impertienda.

486 2961 725 3017 &mim

147 3164 257 3225 edisco
269 3165 298 3221 in
311 3165 438 3221 Articnio
449 3166 547 3221 ticrtis
560 3181 624 3221 cum
636 3166 723 3221 soient
741 3165 875 3236 impertiri
889 3173 951 3236 post
961 3166 1134 3222 Sacramenti

147 3253 270 3322 matisc,
288 3252 489 3319 Eucharistiae,
502 3261 532 3310 ct
543 3255 680 3311 Extremae
696 3253 845 3309 Unctionis
856 3252 915 3310 iltis
927 3253 1067 3322 infirmis,
1084 3248 1134 3326 qui

147 3341 217 3401 iiam
234 3341 381 3415 maerim,
401 3340 470 3399 dum
489 3357 557 3399 sana
581 3349 674 3399 mente
694 3350 723 3398 ct
740 3341 858 3416 integris
876 3342 1006 3400 sensibus
1030 3349 1134 3412 eram,

147 3428 329 3490 rerisimiiiter
347 3428 562 3504 mancusas
576 3429 704 3488 dederint
721 3429 801 3504 signa
820 3428 1014 3495 contritionis3
1032 3428 1136 3501 imner-

147 3515 281 3577 isiisdem
297 3527 358 3587 est,
370 3518 454 3576 ctiam
468 3519 492 3575 si
511 3527 605 3592 postes
624 3518 747 3593 lingna,
765 3526 986 3590 catemmmque
1001 3514 1135 3574 sensuum

147 3605 198 3665 int
206 3604 351 3676 emma,
372 3614 422 3664 aut
430 3608 460 3662 in
471 3605 601 3664 delirium
611 3648 619 3675 ‚
631 3606 674 3662 vei
683 3607 834 3665 amentiam
847 3603 1005 3662 inciderint.
1018 3605 1136 3660 iscom-

147 3694 299 3754 inmisso
308 3736 317 3765 ‚
326 3694 586 3769 impendentibus,
600 3695 688 3769 etqui
699 3695 729 3752 in
739 3693 887 3751 manifesto
900 3699 1012 3766 peccato
1025 3692 1136 3749 mortali

147 3790 256 3851 marr,
275 3791 318 3841 est
333 3783 450 3841 omnino
467 3782 642 3858 deneganda.

147 3868 244 3929 utens
260 3869 612 3943 amnemamnem,
624 3868 809 3944 ingrediendo
818 3867 996 3937 cubiculum,
1008 3866 1139 3939 ubijacet

147 3972 226 4027 m,
245 3956 337 4016 dicat:
351 3965 417 4016 Pac
434 3959 502 4016 duic
518 3960 633 4028 domat,
649 3962 702 4015 etc.
722 3974 754 4015 ac
772 3955 873 4014 deinde
890 3963 1037 4029 aegrotum,
1057 3956 1136 4012 cubi·
1235 3953 1246 3976 ⁶

147 4062 192 4114 m,
214 4053 242 4102 et
261 4047 473 4104 circumstantes
493 4054 622 4121 aspergat
640 4050 719 4121 Aqua
736 4044 899 4114 benedicta,
921 4042 1041 4101 dicendo
1058 4043 1138 4100 Anti-

147 4150 220 4192 um:
241 4139 383 4210 Asperqes
402 4152 465 4207 me,
485 4139 538 4192 etc.
989 4210 1026 4272 ¹8
