2812 5070
560 323 606 384 lle
631 320 785 401 lixcquiis
1122 297 1198 363 ‘¹47

188 421 303 497 seipsos
319 418 512 479 heumanno
530 417 568 476 ob
587 416 835 491 (imperationem,
859 417 901 474 ml
927 415 1120 487 iracundiam,
1141 434 1200 476 non

153 510 277 569 mai
296 525 331 569 ex
347 508 457 567 maenia
474 507 505 566 id
523 505 650 574 accim,
669 506 726 564 nisi
742 512 808 564 anta
828 513 948 564 morum
970 503 1099 564 dederint
1118 507 1199 580 signa

153 598 321 659 mmm.
596 638 599 642 .
1006 613 1011 621 ·

189 685 418 746 llorimtlbnsin
429 685 524 744 duello
538 725 546 754 ‚
558 684 668 744 ehamsi
680 693 744 742 ante
756 684 863 742 obitum
881 681 1010 742 dederint
1027 683 1199 758 poeniteffitc

189 860 734 937 fflnhmtiuctpnblicispoocatoribm,
745 862 865 936 quisine
875 863 1036 935 multanda
1046 864 1197 936 periemnt.

171 948 1198 1026 ·1seequenpesueeeonut‚quaaomunam0nonee-

153 1046 289 1114 munt
304 1040 482 1097 Sacramama
498 1037 702 1107 confusionis,
715 1046 743 1096 et
754 1037 966 1097 communionis
985 1038 1016 1096 in
1032 1039 1156 1110 Pascha,
1171 1049 1200 1098 et

153 1125 245 1203 usqne
260 1127 322 1186 nilo
341 1128 424 1204 signo
442 1127 619 1186 contritionis
642 1127 782 1185 obierunt

191 1216 354 1277 infantibus
372 1216 492 1276 morulis
512 1214 617 1291 absque
637 1216 790 1290 Baptismo.

189 1304 250 1365 ilbi
267 1320 333 1365 saco
351 1306 384 1365 ln
399 1303 540 1382 prodictio
563 1303 675 1367 casibus
694 1302 813 1363 dubium
831 1304 983 1365 occumerit
1001 1344 1011 1375 ‚
1031 1304 1197 1366 ordinarius

153 1393 314 1455 mulctat.
931 1393 934 1397 ’

413 1590 759 1691 tti'tthltauuM
789 1593 936 1670 (illitu)

153 1814 326 1919 [Jonsn'tuto
342 1840 490 1908 tempore,
509 1848 566 1907 quo
585 1848 687 1912 corpus
706 1833 742 1892 ad
762 1832 916 1892 Ecclesiam
933 1830 1114 1894 Mercedem
1131 1842 1197 1909 est,

153 1929 309 1982 cnmmtnr
325 1921 441 1991 Chius,
454 1929 483 1979 et
494 1921 566 1991 alii,
586 1921 637 1994 qui
656 1919 747 1980 funeri
767 1922 903 1980 interesse
919 1920 1044 1994 dehent,
1062 1924 1131 1982 etin
1143 1925 1198 1983 Pe·

153 2012 318 2082 cehialeru,
339 2011 384 2070 tal
402 2011 433 2070 in
450 2011 535 2071 ulam
559 2010 712 2069 Ecclesiam
732 2012 918 2085 ,juxuloct
942 2013 1197 2089 consuendum,

153 2098 242 2159 affine
261 2100 500 2168 conveniantque
521 2097 595 2157 datis
613 2099 696 2157 metis
716 2114 859 2174 campana
884 2100 994 2174 signis,
1013 2117 1046 2159 eo
1069 2101 1200 2163 modoet

153 2187 220 2261 ltu,
239 2203 297 2262 qoo
314 2188 345 2247 in
364 2204 398 2248 eo
418 2188 480 2246 lom
497 2186 558 2248 heri
575 2188 668 2257 solet,
686 2188 829 2247 Pamchus
851 2187 952 2248 induto
976 2191 1198 2266 superpelllmo·,

153 2275 260 2336 semla
275 2277 375 2352 nigra,
393 2276 538 2335 ueletiam
555 2277 670 2351 pluviali
688 2275 813 2350 ejusdem
830 2278 951 2347 coloris,
969 2279 1078 2340 elerico
1097 2280 1199 2354 prete·

153 2373 220 2426 nto
243 2367 362 2425 &ocem
377 2407 386 2436 ‚
404 2373 433 2424 ct
452 2366 508 2425 alio
528 2382 630 2440 nquam
650 2365 853 2437 benedictam,
874 2365 911 2424 ad
931 2367 1046 2424 domum
1073 2367 1199 2427 domnoli

153 2466 198 2513 naa
215 2470 284 2514 mm
302 2454 366 2513 aliia
386 2453 521 2529 procedit.
543 2454 758 2512 Distribuuutnr
779 2457 871 2524 cerei,
891 2462 919 2511 et
938 2455 1130 2516 accenduntur
1154 2459 1199 2516 in·

153 2544 262 2604 unm.
283 2546 349 2602 ldox
365 2543 512 2603 ordinetur
530 2545 698 2613 Processio,
720 2543 941 2618 precedentibus
964 2544 1099 2603 laicorum
1124 2548 1199 2606 Con-

153 2632 361 2693 'raternitetibue
374 2673 382 2702 ‚
394 2632 543 2702 siadslnt3
562 2641 623 2691 tum
639 2634 768 2708 coquitur
786 2633 884 2692 Clcms
901 2633 1057 2706 regularis,
1069 2643 1098 2692 et
1110 2650 1199 2695 sucu·

153 2722 208 2782 uls
225 2720 423 2798 perordinem
443 2741 451 2790 ;
477 2723 594 2797 binique
618 2721 798 2797 procedunt,
824 2722 937 2796 praelata
960 2723 1048 2780 cruce
1068 2765 1077 2794 ‚
1101 2724 1199 2783 devoto

153 2810 267 2870 mamm
277 2852 286 2881 ,
296 2818 329 2868 ut
339 2809 432 2881 intra,
445 2810 624 2870 decantantes
637 2852 645 2879 ,
658 2812 781 2869 Parocho
799 2810 971 2884 praecedente
985 2809 1118 2871 domuum
1131 2829 1196 2870 oum

153 2898 316 2968 aminlbns3
330 2898 396 2957 inde
407 2909 565 2974 sequuntur
583 2899 632 2958 alii
649 2898 736 2957 ianus
753 2899 938 2968 comitantes,
952 2907 981 2957 et
997 2915 1047 2972 pro
1065 2898 1200 2960 defuncto

153 2990 232 3048 lmus
250 2989 304 3045 rita
322 2987 501 3063 deprecantes
518 2989 573 3047 sub
592 2988 714 3046 silentio.

190 3078 338 3137 Puochus
349 3093 412 3136 uero
422 3119 432 3148 ‚
444 3086 591 3152 antequam
604 3077 719 3136 cadaver
730 3076 862 3136 effemtur
875 3119 883 3146 ,
897 3077 970 3136 illud
986 3078 1108 3154 aspergit
1119 3082 1199 3154 Aqua

153 3165 309 3236 suediam,
322 3182 385 3225 mox
397 3166 467 3224 dicit
478 3167 688 3240 Antiphonem:
703 3171 736 3226 st
749 3170 934 3240 iniquitates,
953 3183 1017 3225 cum
1036 3167 1140 3226 Psalm.
1158 3175 1201 3226 De

153 3252 296 3327 »mundis
315 3255 462 3324 cluniaci,
482 3259 536 3311 etc.
555 3256 586 3312 in
604 3255 675 3312 line:
691 3259 824 3329 ltequlcm
834 3259 973 3319 ceterorum
991 3257 1070 3314 dona
1084 3259 1128 3325 ci,
1142 3262 1201 3313 Do·

153 3346 237 3412 ntae,
258 3347 289 3400 et
306 3343 360 3400 lea
376 3347 545 3417 perpetuo,
569 3345 666 3401 luceat
685 3347 732 3414 et,
756 3344 856 3417 repetit
880 3344 1071 3418 Antiphonem
1090 3352 1199 3414 totam,

153 3433 380 3505 umquam,
399 3435 454 3488 eea.

192 3517 304 3577 Deinde
325 3517 440 3578 cadaver
455 3518 571 3578 effertur
585 3561 593 3590 ‚
608 3521 804 3594 Parochusquo
815 3520 850 3578 de
860 3520 944 3579 domo
959 3519 1110 3596 pmcedcns
1120 3558 1129 3592 ‚
1141 3530 1201 3580 sta·

153 3608 193 3666 in
210 3607 289 3682 graui
306 3624 373 3666 voce
389 3611 499 3667 intonat
516 3611 727 3684 Antiphonem:
743 3611 925 3670 Enoltodont
940 3614 1077 3680 Domino,
1090 3616 1119 3667 ot
1130 3612 1202 3668 Can·

153 3711 216 3756 ures
226 3696 364 3755 inchoant
379 3698 483 3756 Pselm.
497 3703 654 3770 Mherere,
669 3703 721 3755 eto.
736 3700 817 3758 clero
829 3699 988 3758 alternatim
999 3707 1199 3773 prosequente3

153 3792 172 3843 rt
186 3787 214 3844 si
233 3785 382 3869 longiurdo
399 3787 508 3845 itineris
526 3787 725 3861 postulaverit,
749 3787 885 3846 dicamur
901 3788 1007 3845 Psalmi
1022 3784 1200 3855 Gredualca,

153 3872 191 3933 fl
203 3877 362 3933 nomen
373 3890 440 3932 cum
457 3875 638 3946 tribularer,
653 3880 707 3933 etc.
727 3876 770 3934 rel
780 3876 831 3934 alii
849 3874 953 3935 Psalmi
966 3891 998 3933 ex
1011 3870 1113 3932 Odloio
1124 3874 1202 3932 llor-

153 3974 257 4020 aosum
270 4002 279 4031 ‚
290 3969 321 4019 et
331 3962 362 4021 in
373 3962 429 4021 linc
440 3963 576 4037 cujulibet
587 3965 690 4022 Psalmi
701 3964 820 4023 dicitur:
832 3969 966 4038 lteqoicm
975 3967 1114 4022 murnum
1125 3959 1202 4020 dono

153 4051 185 4119 a,
195 4053 338 4122 mace,
349 4054 403 4108 etc.
417 4052 466 4125 qui
477 4054 581 4111 Psalmi
593 4052 705 4122 devote,
716 4052 863 4124 distincte,
876 4054 1007 4129 grauique
1017 4068 1082 4112 voce
1092 4050 1200 4110 recitari

153 4134 246 4196 lehent
265 4153 356 4213 usque
374 4139 412 4198 ad
429 4140 591 4201 muman.
