2782 4696
377 279 425 342 De
445 279 644 342 Sacramento
669 278 831 361 Baptismi.
1083 270 1126 335 45

69 407 105 465 et
124 401 162 465 in
181 406 283 466 terro.
299 401 421 466 Panem
434 405 579 465 nostrum
594 396 817 483 quotiditnum
832 395 874 461 de
894 394 988 461 nobis
1008 394 1128 479 hodie3

71 514 105 574 et
124 506 254 574 dimitto
272 506 369 574 nobie
382 505 491 574 denna
503 512 632 588 nostro,
653 505 736 570 eient
748 508 782 569 et
796 521 856 569 noo
872 501 1059 569 dimittimus
1074 502 1131 569 de·

71 611 237 680 bitoribno
252 613 392 680 neonis:
412 613 453 679 iit
473 629 514 678 ne
532 629 594 678 noo
614 608 748 678 indices
767 609 800 673 in
818 608 1049 690 tentationem
1073 607 1131 675 oed

150 925 199 987 Ao
211 921 325 991 deinde
337 929 504 1010 antequam
521 922 651 989 accedat
661 922 701 990 od
715 925 938 1010 Baptisierium
949 926 1053 992 dieat:

504 1032 714 1096 Exoreismus.

152 1140 282 1206 xonoizo
303 1145 359 1223 to,
384 1139 488 1206 omnio
509 1139 638 1225 spirituo
659 1136 845 1221 immdndo‚
869 1138 904 1204 in
925 1137 1053 1204 nomine
1076 1137 1136 1204 Dei

152 1246 500 1331 Panisomnipotontio
522 1245 812 1329 e,otinnomine
826 1245 902 1311 iesu
914 1243 1049 1327 diroti,
1065 1243 1137 1310 Filii
1200 1266 1202 1270 ·

80 1352 176 1438 eins,
197 1352 351 1434 Domini,
369 1358 403 1417 et
419 1349 537 1436 judicis
557 1352 659 1418 nostri
688 1357 744 1432 di,
762 1356 796 1416 et
816 1351 851 1415 in
864 1349 983 1416 virtdto
1003 1349 1137 1434 Spin'tm

81 1459 192 1526 Snnoti
214 1457 629 1542 ffi,utdiooddnsnbhoe
647 1457 876 1542 pliomoteDei
896 1457 936 1519 N.
955 1455 1045 1542 qnod
1068 1457 1138 1522 Do-

81 1567 191 1632 minno
210 1570 321 1631 noster
340 1563 384 1635 ed
402 1563 559 1649 templum
578 1569 724 1631 emotum
742 1582 836 1630 enum
855 1564 971 1630 noodre
991 1562 1139 1646 dignttno

83 1678 158 1751 eet,
180 1676 220 1737 nt
240 1669 333 1738 tieret
350 1671 505 1757 templum
522 1670 584 1737 Dei
603 1671 694 1754 vivi,
717 1676 751 1737 et
772 1669 905 1755 Spiritus
928 1672 1058 1736 Sonetno
1078 1669 1140 1736 ht·

83 1777 168 1844 titet
188 1777 226 1842 in
244 1795 297 1843 eo.
319 1779 383 1844 Per
404 1776 551 1844 eumdem
574 1778 756 1861 Chi-imm,
776 1777 950 1843 Dominum
967 1783 1138 1860 nostrum,

84 1885 143 1969 qni
163 1883 319 1950 venttinm
338 1888 387 1951 eoi
401 1881 546 1969 jndiodm
564 1883 677 1968 vivos,
699 1888 733 1949 ot
750 1883 917 1967 mortuos,
939 1889 973 1949 et
990 1881 1141 1949 seculum

86 1989 285 2075 perignem.

156 2096 197 2178 Ν.
215 2095 330 2162 Ama.

156 2197 274 2264 Posteo
293 2196 446 2266 Sacerdos
466 2196 568 2284 digito
590 2198 724 2284 occipiat
745 2197 786 2265 de
807 2197 903 2265 saliva
923 2200 988 2264 oris
1008 2199 1085 2280 sni,
1112 2205 1143 2263 et

95 2308 200 2388 tangat
210 2322 319 2388 nureo,
334 2310 368 2370 et
381 2322 473 2372 nores
487 2305 624 2374 insontis.
639 2304 809 2388 Tangendo
823 2324 900 2370 vero
913 2323 1021 2370 aurem
1036 2304 1144 2370 dexte-

98 2427 182 2495 ram,
206 2416 239 2476 et
255 2412 413 2477 sinistram
432 2411 534 2478 dieat:

132 2511 135 2515 ’
157 2517 354 2607 Ephpheto,
377 2516 466 2604 qnod
487 2525 536 2585 est
557 2518 721 2605 adoperire
747 2517 868 2583 Deinde
891 2523 997 2600 tangat
1024 2533 1144 2597 nanee,

103 2620 224 2688 dicem:

19 2798 22 2803 .
158 2730 198 2800 In
213 2729 347 2798 odorem
362 2733 536 2798 sunvititis.
553 2733 601 2797 Tu
617 2737 723 2797 nutem
740 2730 903 2816 effogdre,
922 2728 1069 2814 diabole,
1087 2749 1146 2817 ep·

18 2832 26 2921 'r
104 2835 329 2922 propinquent
347 2816 436 2901 enini
449 2834 606 2922 judeum
624 2837 697 2902 nei.

21 2946 25 2997 :
160 2941 278 3007 Postea
298 2939 476 3025 interroget
494 2941 686 3026 baptizatum
710 2938 896 3007 nominatim
913 2936 1043 3004 dicens:

161 3045 203 3111 N.
224 3045 444 3113 Abrentinoino
462 3045 608 3113 sotnnaei

24 3220 27 3225 .
162 3150 350 3237 Respondet
367 3152 533 3219 Petrinus:
557 3151 774 3218 norenmoo.

24 3244 32 3357 ἰ
163 3257 341 3324 Sacerdos:
363 3261 404 3325 Et
425 3257 573 3325 ommibus
594 3256 745 3343 operibus
769 3256 861 3343 eius?

27 3396 30 3401 ·
163 3363 378 3431 Abrendnoio.

29 3506 34 3515 ·
164 3469 337 3536 Sacerdos:
357 3473 398 3539 iit
419 3471 568 3538 omnibns
587 3471 714 3557 pompis
736 3469 835 3556 eius?

30 3574 35 3653 ζ
164 3576 383 3645 dhrendneio.

32 3666 36 3673 ’
165 3680 291 3747 Deinde
310 3679 462 3748 Sacerdos
480 3680 611 3763 intingit
625 3680 778 3764 ¹pollicem
798 3680 833 3744 in
855 3680 927 3744 oleo
948 3677 1153 3743 catechume-

116 3803 217 3854 norom
235 3831 248 3869 ‚
268 3792 303 3852 et
321 3785 472 3853 infantem
495 3787 589 3871 ungit
607 3787 641 3851 in
663 3793 813 3871 pectore,
836 3792 868 3853 et
887 3785 968 3851 inter
987 3780 1150 3867 scopulos,

117 3890 287 3963 inmodum
306 3891 685 3978 commansionem

168 3999 238 4083 Ego
261 4003 296 4064 te
320 3997 399 4064 linio
425 4007 459 4076 ᾖα
487 3996 562 4066 oleo
584 3999 692 4065 onidtio
716 4000 751 4067 in
774 3999 897 4070 comto
921 3999 996 4064 Jesn
1015 3999 1154 4066 Domino

10 4108 51 4241 .·'
117 4103 551 4189 nomenniomen
570 4105 729 4173 eternam.
829 4110 865 4190 ni.
891 4107 1002 4172 Amen.
