2782 4696
642 335 725 448 M

353 605 1003 719 nanniano

523 849 835 914 intimorum.

571 1034 782 1092 m

154 1231 197 1325 δί
217 1266 284 1339 qun
302 1263 416 1323 adultus
428 1265 467 1322 rit
478 1262 681 1338 baptimnius,
698 1263 780 1322 debet
797 1265 890 1337 prius,
910 1266 1066 1325 meandum
1083 1271 1204 1342 lporm

148 1352 232 1413 licam
250 1354 395 1427 regulam,
411 1353 443 1410 in
463 1352 621 1411 Quanam
639 1351 728 1422 Fide,
745 1369 778 1410 ac
790 1354 894 1411 sanctis
912 1355 1035 1413 mombar
1052 1355 1203 1431 diligenter

149 1440 250 1500 instrui
263 1481 273 1510 ,
293 1449 323 1498 et
340 1457 389 1514 per
404 1440 512 1514 aliquot
531 1438 591 1498 dies
607 1440 637 1497 in
653 1439 784 1514 operibus
802 1442 913 1514 pictatis
929 1443 1069 1513 exerceri,
1088 1443 1203 1518 ejusque

148 1529 279 1589 iulnntm
298 1535 328 1586 ct
345 1529 516 1601 prepositum
533 1529 634 1602 sepius
651 1529 807 1602 explorari,
827 1537 856 1587 et
872 1530 985 1588 nmnisi
1001 1531 1093 1589 mens
1109 1539 1138 1590 at
1154 1547 1202 1591 ru·

149 1618 228 1688 lens,
247 1616 388 1690 probeque
406 1617 559 1674 instructus
574 1617 719 1691 baptisari

199 1710 242 1762 Aa
263 1720 328 1762 reru
346 1706 372 1762 si
391 1703 555 1776 quis,‹ium
568 1706 717 1764 insanitur
728 1749 736 1778 ,
749 1708 779 1765 ln
792 1708 890 1766 moris
910 1705 1063 1780 periculum
1081 1705 1200 1776 incidat,

151 1790 342 1866 baptimaiqne
362 1791 507 1859 vuluerit,
534 1791 626 1850 babitu
649 1794 755 1852 ratlcnc
774 1794 888 1868 periculi
909 1834 918 1863 ,
942 1793 985 1850 vel
1011 1792 1200 1863 necessitatis,

149 1879 313 1954 baptizatam.

197 1967 370 2026 mmmmm
387 1970 565 2042 Baptismus,
585 1969 633 2027 ubi
652 1969 797 2028 mmmcdc
814 1971 874 2027 ilari
895 1977 1006 2044 potest,
1029 1968 1066 2026 ad
1086 1970 1201 2042 Epiacu-

151 2071 215 2128 pnm
232 2054 396 2125 delentur,
411 2065 446 2114 ut
465 2056 491 2113 si
508 2057 551 2114 illi
569 2057 724 2130 placuerit,
746 2058 782 2115 ab
801 2074 834 2115 cu
851 2058 1005 2116 solemnius
1021 2057 1199 2126 conferatur,

151 2143 275 2218 d'nquin
292 2145 433 2202 Parccbus
450 2146 509 2219 ipsa
528 2145 666 2219 baptizet,
685 2153 756 2204 stata
773 2146 953 2204 cummunis.

199 2234 289 2291 Decet
306 2241 399 2291 anum
417 2233 577 2308 hujusmodi
597 2236 789 2308 caprimum,
808 2251 841 2292 ex
861 2235 1021 2308 Apcsmlico
1048 2236 1198 2304 instituto,

151 2321 179 2377 in
194 2320 319 2379 Sabbata
335 2322 437 2380 Saum
457 2323 599 2380 Pascbatis
611 2363 619 2392 ,
633 2324 675 2380 iel
687 2326 861 2381 Pentecostes
878 2324 1038 2381 solemniter
1055 2324 1198 2382 celebrari.

199 2409 336 2482 Quareai
356 2411 429 2467 circa
449 2411 508 2468 bmc
529 2419 651 2485 tempora
676 2412 873 2469 catechumeni
891 2415 949 2470 sint
965 2412 1149 2485 baptizandi,
1170 2412 1200 2468 in

152 2496 224 2570 lpus
240 2495 319 2566 dies,
339 2497 364 2554 ri
388 2497 458 2554 nihil
479 2496 630 2570 impediat,
644 2498 814 2571 baptismum
831 2498 939 2556 miserti
957 2499 1092 2557 convenit.

199 2587 306 2643 Verum
327 2587 351 2643 si
371 2587 464 2655 circa,
485 2601 534 2642 seu
551 2595 614 2659 post
635 2596 743 2659 tempus
763 2589 937 2644 Penmcosrea
962 2588 1048 2660 aliqui
1075 2588 1199 2644 conversi

153 2672 276 2742 luerim,
291 2674 339 2747 qui
350 2690 422 2747 aegre
440 2673 530 2731 ierant
545 2690 629 2731 suum
649 2678 821 2748 baptismum
840 2678 870 2732 iu
888 2677 1002 2749 longum
1021 2685 1131 2748 tempus
1143 2674 1198 2733 ‹tit-

154 2758 234 2831 lcm’,
257 2769 288 2819 et
303 2761 340 2819 ad
357 2761 429 2818 illud
447 2760 600 2830 festinent,
620 2763 822 2836 instructique,
842 2780 874 2819 ac
892 2764 944 2819 rite
962 2764 1049 2835 parati
1066 2779 1126 2821 esse
1147 2778 1197 2819 nc·

155 2856 284 2919 mum,
303 2852 387 2908 citius
403 2850 537 2923 baptizari
555 2860 680 2922 possunt.

201 2939 425 2996 catechumenus
437 2940 589 2996 instructus
600 2939 752 3012 baptizetur
764 2941 795 2995 in
807 2940 947 3009 Ecclesia,
959 2956 1008 2996 seu
1023 2940 1194 3012 baptisterio.

157 3023 279 3083 Patriuus
298 3026 324 3083 ei
345 3028 456 3083 assistat
475 3036 504 3084 et
525 3028 584 3099 ipse
607 3028 828 3084 Catecbumenus
846 3026 881 3083 ad
900 3026 1054 3085 Sacerdotis
1079 3029 1197 3084 interro·

158 3113 276 3181 moues
292 3113 478 3187 respondeat,
496 3116 550 3172 nisi
576 3123 670 3172 mutans
692 3115 796 3185 luerit,
815 3124 864 3172 aut
883 3117 997 3171 omnino
1015 3115 1137 3186 surdus,
1156 3115 1198 3171 vel

159 3199 251 3273 mutae
267 3203 374 3276 linguae
391 3223 399 3272 3
418 3219 474 3277 quo
491 3219 556 3261 casu
574 3203 616 3261 rel
634 3219 683 3274 per
704 3205 871 3271 Petrinum,
893 3205 917 3259 si
936 3203 1013 3259 illam
1032 3203 1169 3276 intelligat
1189 3247 1196 3272 ,

161 3298 203 3346 aut
217 3293 304 3348 aliurn
323 3292 515 3364 interpretem,
529 3292 571 3348 vel
589 3301 661 3348 nutu
679 3308 846 3350 consensum
865 3293 980 3363 explicet
997 3307 1090 3347 suum.

206 3382 257 3437 Pro
269 3381 354 3453 buius
365 3388 456 3438 autem
469 3382 644 3437 veneratione
659 3382 849 3449 sacramenti,
869 3390 925 3436 tam
942 3380 1117 3438 Sacerdotem
1129 3423 1137 3450 ,
1149 3382 1197 3452 qui

164 3464 261 3523 ciuitas
284 3467 453 3539 baptizabit,
471 3485 554 3540 quam
572 3469 648 3540 ipsos
666 3468 794 3537 adultos,
816 3468 863 3541 qui
880 3471 941 3526 sani
962 3477 1049 3536 sunt,
1069 3469 1198 3526 convenit

165 3566 212 3609 ease
226 3554 347 3627 ieiunos.

206 3642 295 3712 Quare
306 3657 366 3698 non
383 3633 448 3714 post
461 3645 574 3715 epulas,
594 3653 644 3701 aut
662 3644 796 3715 prandia,
817 3644 865 3701 sed
884 3653 948 3701 autc
961 3643 1124 3713 meridiem,
1142 3645 1195 3701 nisi

165 3739 190 3782 ru
204 3730 360 3786 ratinnnbili
376 3745 459 3788 causa
477 3731 559 3788 aliter
576 3732 736 3794 iaciendum
752 3742 836 3800 esset,
854 3749 949 3789 eorum
969 3735 1107 3805 baptisma
1124 3732 1196 3789 cele·

166 3811 255 3873 bremr.
825 3828 830 3839 ·

180 3991 185 4001 .
206 3904 405 3962 idmonendus
424 3915 467 3964 est
482 3909 703 3966 catechumenus
723 3950 731 3978 ,
752 3918 784 3966 ut
805 3917 977 3981 peccatorum
999 3924 1113 3966 suorum
1138 3926 1196 3981 poe-

162 4001 246 4049 niteat.

206 4086 336 4141 imentes
354 4091 384 4141 et
400 4083 495 4143 fiirimi
514 4102 570 4142 non
588 4085 780 4160 baptizentur,
799 4088 853 4144 nisi
869 4089 935 4144 tales
949 4103 964 4142 a
978 4086 1117 4142 nativitate
1135 4083 1194 4140 lire-
