2782 4696
339 258 384 317 lle
408 257 602 317 §aeramento
627 257 826 319 l‘uuriteutiu¹
1054 252 1104 319 7⁶

390 430 504 494 RITUS
526 430 776 495 ABSOLVENDI

279 631 594 684 BKCMMUMCATUH
615 629 681 678 ml
704 627 884 678 MORTUUH.

64 808 133 978 Si
162 906 234 987 quis
260 905 547 968 excommunicatus
571 921 608 968 ex
632 902 692 969 hau
719 906 781 968 vitu
809 904 963 969 decedens
985 905 1105 971 dederit

64 1009 182 1087 sianum
199 1009 418 1089 contritionis,
441 1009 655 1073 Ecclesiastico
669 1027 709 1072 ne
724 1017 829 1073 eareat
850 1010 1032 1093 sepultura,
1051 1011 1105 1073 sed

68 1116 203 1177 brelesiae
226 1113 403 1195 suffragiis,
428 1122 583 1197 quatenus
604 1114 672 1178 lieri
695 1122 815 1196 potest,
842 1115 1025 1197 adjuvetur,
1046 1117 1105 1181 ab·

64 1220 137 1282 solvi
153 1225 270 1301 polest·
284 1218 346 1282 hoc
367 1219 476 1284 modu.

122 1326 152 1387 Si
166 1343 287 1406 eorpus
298 1324 439 1388 nondum
452 1324 609 1407 sepultum
621 1325 730 1405 fuerit,
747 1326 946 1406 verberetur,
960 1334 992 1391 et
1002 1327 1108 1393 absol-

66 1437 166 1505 vatur,
182 1437 219 1493 ut
231 1430 329 1510 iufra3
348 1429 460 1494 deinde
473 1430 654 1494 absolutum
666 1478 674 1511 ,
688 1434 720 1494 in
734 1433 806 1496 loeo
819 1452 908 1496 sacro
923 1435 1104 1515 sepeliatur.

122 1537 153 1597 Si
173 1554 251 1599 vcro
273 1536 370 1599 fuerit
390 1536 549 1617 sepultum
563 1537 597 1599 in
612 1535 685 1600 loeo
708 1537 866 1620 profano,
891 1539 915 1600 si
940 1540 1108 1603 commode

69 1639 125 1700 lieri
148 1642 292 1720 poterit,
314 1641 556 1724 exhumabitur,
574 1648 606 1704 et
622 1643 735 1706 eodem
756 1644 855 1707 modo
871 1644 1107 1724 verberabitur,

70 1749 93 1804 et
112 1750 185 1824 post
208 1744 442 1808 absolutionem
456 1747 489 1808 in
506 1746 578 1809 loeo
594 1765 683 1810 sacro
700 1748 888 1831 sepelietur3
907 1748 962 1812 sud
979 1751 1004 1812 si
1020 1768 1109 1812 cum·

71 1848 153 1911 mode
173 1849 341 1913 exhumari
362 1870 427 1914 noa
449 1858 579 1934 potest,
606 1853 696 1916 loeus
718 1855 886 1936 sepulturae
908 1856 1107 1936 verberetur,

74 1961 171 2032 postea
192 1954 386 2019 absolvatur.

10 2092 15 2099 ·
128 2057 262 2135 Quodsi
278 2061 312 2124 in
328 2060 401 2125 loco
424 2072 526 2126 sacru·
537 2066 578 2127 sit
600 2065 741 2147 sepultus
758 2113 767 2144 ,
786 2083 851 2126 non
868 2065 1108 2146 exliumabitur,

10 2214 14 2225 .
76 2161 119 2225 sed
147 2162 369 2229 verberabitur
394 2169 606 2250 sepulchrum.
636 2172 718 2233 llum
747 2177 849 2233 airtem
881 2174 1110 2252 e01·p11s,sive

10 2324 13 2367 ;
77 2267 255 2347 sepulturum
277 2271 445 2353 verberat,
468 2276 619 2338 Sacerdos
642 2277 724 2339 dieat
746 2277 984 2358 Antiphonem:
1015 2270 1114 2338 Exul·

10 2380 17 2451 't
81 2383 181 2453 abunt
201 2384 342 2450 Domino
364 2400 436 2448 ossa
455 2381 634 2448 humiliata.
653 2382 734 2446 Psal.
766 2379 933 2459 lliserdre,
958 2383 1020 2442 ete.
1039 2384 1109 2462 Quo

10 2454 16 2549 l
79 2473 172 2557 laeto,
197 2478 408 2563 absolvatur,
433 2483 592 2549 dicendo:
622 2485 820 2551 Auctoritdta
841 2484 919 2548 mihi
941 2483 1113 2563 eonodssa,

82 2611 131 2676 aaa
149 2602 182 2662 te
205 2594 339 2660 absdlvo
361 2614 381 2659 a
400 2593 530 2659 vinculo
555 2592 914 2671 excommunicationis,
940 2607 1036 2673 quam
1062 2589 1115 2652 in-

10 2720 20 2745 *
83 2701 193 2765 andrei
208 2691 272 2779 (Vel
289 2700 458 2764 incurrisse
477 2698 656 2764 declar-dtus
672 2701 720 2777 es)
738 2702 872 2781 propter
890 2695 953 2760 tale
974 2694 1114 2773 factum,

84 2809 109 2866 a
125 2806 256 2869 mutuo
270 2810 304 2870 te
317 2805 534 2870 communioni
554 2803 727 2883 Fiddlium,
741 2802 915 2866 innomine
932 2800 1056 2880 Patris,
1074 2814 1107 2879 m

86 2909 214 2993 etlilii,
236 2915 271 2974 et
289 2911 425 2994 Spiritus
446 2911 561 2975 Sancti.
585 2909 698 2973 Amen.

134 3006 249 3071 lleiude
273 3008 397 3072 dicatur
420 3013 534 3075 Psalm.
562 3017 610 3079 De
636 3012 827 3098 profundiS,
853 3017 914 3078 etc.
941 3024 969 3078 et
996 3020 1025 3078 in
1051 3016 1112 3078 line

136 3112 166 3180 t'.
197 3121 351 3205 Requiem
370 3121 518 3186 uternam
533 3120 619 3185 dona
634 3121 681 3201 ai,
704 3120 852 3184 Domine.

10 3263 14 3267 ·
134 3222 167 3279 n'.
194 3227 236 3292 m
253 3227 309 3292 lux
327 3229 480 3312 perpetua
501 3227 606 3291 ldeeat
628 3227 668 3291 ei.

137 3322 240 3415 Kyrie
265 3331 396 3397 eleison.
422 3331 549 3398 Christe
572 3332 702 3396 eleana.
730 3332 834 3414 kyrie
860 3330 989 3395 eleison.
1016 3333 1119 3397 Pater

94 3438 192 3500 tuder.

10 3566 55 3639 ‚ab
139 3527 169 3599 i·
197 3543 237 3607 m
256 3561 297 3608 aa
318 3561 378 3608 noa
399 3542 529 3609 indvicas
549 3543 585 3607 in
605 3543 822 3608 tentationem.

10 3642 50 3745 ζξ
141 3638 172 3716 li·
198 3647 259 3712 Sed
279 3647 381 3713 libera
401 3667 461 3713 nos
483 3667 503 3713 a
523 3648 622 3714 malo.

35 3760 47 3815 ἱ
144 3760 172 3797 t·
197 3756 225 3817 Δ
245 3760 343 3837 porta
362 3754 468 3819 inferi.

142 3847 172 3926 l*-
198 3861 301 3941 Ense,
323 3860 480 3942 Domine,
503 3861 638 3926 ammam
662 3858 741 3943 ejus.

10 4000 47 4042 :·
144 3969 172 4018 t.
200 3966 386 4048 Requidscat
407 3968 440 4030 in
462 3984 551 4050 paee.

45 4132 62 4211 ἰ
143 4073 173 4138 l·
200 4073 313 4137 Aaou.
