2782 4696
180 3801 186 3817 ⁸
288 3717 416 3796 Martii
428 3748 535 3799 anno
547 3720 778 3799 MDCCXLI

306 268 342 315 vt

304 352 484 431 Ecclesiae
510 352 685 430 omnium
712 353 843 432 matris
860 369 900 432 et
917 352 1107 458 magistrae
1119 355 1354 434 auctoritate

303 459 520 536 constituto
537 458 683 537 Rituali
701 460 742 536 in
755 460 873 538 sacris
886 456 1156 538 functionibus
1174 477 1351 555 utantur,

303 579 343 641 et
361 565 403 641 in
423 591 464 641 re
482 563 581 640 tanti
600 565 810 661 momenti,
839 591 929 670 quae
947 563 1146 644 Catholica
1162 565 1351 658 Ecclesia,

302 684 342 745 ct
367 668 418 746 ab
445 697 491 747 ea
517 668 710 774 probatus
737 697 831 749 usus
856 669 1099 776 antiquitatis
1122 671 1275 766 statuit,
1302 671 1354 748 in

302 772 445 852 violate
471 773 694 853 observent.
1189 855 1191 858 ,

371 880 517 958 Datum
542 880 675 957 Romae
701 877 808 985 apud
833 877 872 957 S.
895 878 1057 958 Mariam
1075 877 1266 958 llla'orem
1280 879 1354 959 sub

301 984 462 1063 Annulo
489 984 733 1080 Piscatoris,
763 983 828 1063 die
840 983 967 1062 XVII.
994 985 1102 1063 lunii
1168 985 1350 1066 DCXIV.

302 1089 557 1170 Pontificatus
583 1088 716 1168 Nostri
743 1092 863 1168 Anno
890 1090 940 1167 X.

898 1270 930 1332 S.
957 1271 1148 1334 cobellutius.

377 1511 481 1617 Quae
513 1541 594 1592 uero
659 1541 701 1592 ro
739 1513 1024 1592 Coeremoniali
1063 1511 1351 1620 Episcoporum

299 1619 527 1719 reseruntur
550 1542 686 1698 Balla
704 1618 921 1698 Clementis
944 1619 1071 1696 VIII.
1098 1617 1223 1723 incip.
1245 1617 1349 1695 Cum

296 1723 517 1803 novissime.
556 1725 772 1803 Innocenti
801 1726 860 1802 X.
900 1722 982 1801 Etsi
1021 1721 1128 1802 alias.
1180 1721 1350 1800 Benedi-

296 1826 353 1904 cti
368 1831 496 1908 XIII
495 1890 503 1907 .
526 1829 634 1907 Licet
651 1830 757 1907 alias.
789 1832 892 1908 Item
909 1854 999 1934 quae
1009 1854 1087 1933 pro
1109 1826 1356 1930 Pontistcal'

296 1933 480 2012 Romano
510 1934 693 2013 Clemens
721 1935 848 2014 VIII.
880 1931 1008 2011 Bulla
1034 1932 1158 2040 incip.
1184 1932 1246 2008 Ex
1266 1958 1352 2038 quo

296 2036 340 2113 in
373 2039 579 2117 Eeeelcsia.
619 2057 739 2146 atque
773 2040 960 2119 Urbanus
991 2040 1119 2117 VIII.
1158 2036 1351 2136 Quamvis

295 2141 404 2220 alias.
434 2160 621 2238 statuere,
647 2145 841 2222 brevitatis
852 2142 986 2250 gretia
1005 2141 1071 2220 Itis
1087 2142 1348 2221 omittuntur.

293 2246 488 2352 Sequitur
510 2249 638 2327 Bulla
648 2279 662 2325 .·
700 2249 900 2347 Quoniam
925 2264 1056 2326 autem
1082 2274 1157 2352 pro
1182 2263 1353 2353 paterna

294 2352 484 2431 charitate
499 2355 750 2432 vehementer
763 2355 989 2461 cupientes,
1019 2369 1064 2431 ut
1081 2352 1226 2432 Christi
1239 2349 1353 2430 Fide

294 2455 400 2534 libus
426 2459 468 2537 in
495 2459 659 2539 articulo
677 2458 814 2537 mortis
833 2459 1082 2553 constitutis,
1112 2454 1248 2564 quoad
1262 2455 1350 2535 lieri

293 2582 452 2668 posset,
482 2565 676 2644 universis
702 2565 931 2671 Apostolica
957 2562 1183 2643 Benedictio
1201 2561 1352 2642 Nostro

293 2669 454 2748 nomine
478 2669 769 2776 impertiretur,
799 2687 838 2748 et
864 2670 1042 2747 Plenaria
1060 2669 1237 2749 omnium
1263 2694 1352 2747 suo-

292 2801 380 2862 rum
415 2791 665 2880 peccatorum
700 2774 951 2881 Indulgentia
978 2774 1233 2881 elargiretur,
1275 2801 1351 2881 per

291 2880 385 2957 alias
403 2880 564 2959 Nostras
590 2881 665 2959 sub
692 2880 859 2958 Plumbo
886 2881 1033 2957 litteras
1055 2883 1161 2957 Ann.
1184 2878 1345 2957 Incarn.

292 2983 407 3060 Dom.
430 2983 731 3063 MDCCXLVII.
755 2985 879 3063 Nonis
899 2985 1069 3091 Aprilis,
1091 2983 1350 3064 Pontificatus

291 3087 426 3166 Nostri
441 3116 546 3167 anno
565 3089 655 3167 VII.
670 3088 780 3169 datas
792 3090 977 3168 omnibus
988 3090 1245 3169 Ecclesiarum
1265 3091 1350 3167 An-

289 3190 476 3271 tistitibus
494 3192 722 3301 hujusmodi
740 3194 962 3273 facultatem
981 3195 1055 3272 sub
1083 3195 1199 3273 certis
1225 3193 1350 3274 modo

290 3314 330 3376 et
347 3297 471 3377 forma
483 3327 707 3407 expressam
720 3300 944 3394 tribuimus,
961 3299 1246 3406 atqucinsimul
1257 3299 1351 3378 For·

288 3404 434 3482 mulam
448 3403 766 3500 Benedictionis,
788 3421 828 3483 et
846 3406 1101 3589 Indulgentiae
1118 3403 1350 3586 hugusmodi

289 3504 430 3587 dandae
455 3511 789 3617 praeseripsimus,
820 3537 962 3615 querna
992 3511 1150 3589 modum
1203 3508 1351 3614 neyeli-

290 3640 375 3692 cam
401 3616 517 3693 etiam
544 3614 728 3694 Nostram
750 3616 782 3692 E
812 3616 965 3694 istolam
982 3614 1047 3693 die
1071 3615 1179 3693 XIX.
1201 3615 1350 3692 mensis

781 3643 829 3795 ll.
844 3719 894 3799 ad
905 3719 1069 3799 dilectos
1082 3720 1201 3797 Filios
1214 3719 1350 3799 Gene-

289 3823 390 3901 rales
408 3823 605 3903 Ordinum
619 3825 893 3930 Regularium,
944 3826 1095 3904 uibusa
1112 3823 1153 3902 S.
1167 3822 1267 3902 Sede
1285 3824 1351 3901 in-

288 3925 413 4020 dulta,
426 3931 488 4007 vel
500 3928 742 4035 indulgenda
756 3946 838 4008 erat
849 3853 1012 4008 factlltas
1023 3928 1269 4008 Pontifieiam
1281 3928 1351 4008 Be

287 4031 551 4113 nedietionem
560 4031 791 4114 effundendi
804 4063 924 4143 super
933 4035 1128 4144 populum
1144 4036 1254 4114 statis
1268 4033 1351 4114 die·
