2782 4696
333 291 381 355 De
402 292 603 354 sacramento
627 285 789 369 Baptisuri.
1049 284 1091 350 35

456 413 663 477 lixorcismus.

102 530 185 596 rgo,
197 511 365 577 maledicte
376 510 521 594 diabole,
533 512 728 594 reeogutaca
739 514 927 579 aeutontiam
937 521 1045 596 tuam,
1059 522 1094 581 et

101 618 147 684 da
159 618 318 684 honorem
328 618 399 683 Deo
409 618 504 700 rivo,
519 622 552 681 et
562 636 657 696 verm
676 617 719 683 da
729 619 888 684 honorem
904 620 981 687 lecu
999 619 1093 685 Chri·

33 731 101 807 ato,
124 724 211 790 Filio
230 723 318 809 ejua,
339 729 373 790 et
393 722 523 808 Spiritui
543 724 679 805 Sanct03
701 723 815 790 recede
835 723 878 789 ab
900 725 1093 792 bacftmula

31 829 90 894 Dei
112 848 154 910 x,
172 830 249 914 quia
267 830 360 895 ἰιιιιιι
377 828 438 894 tihi
454 829 541 894 Deua
554 828 755 895 autminus
772 832 986 897 noeterleauo
998 831 1092 897 cun·

31 942 97 1002 atua
107 935 153 1002 ad
166 942 410 1002 auamaanctmn
419 937 572 1021 manum,
584 922 773 1020 fontemque
782 937 984 1022 Bupttamtia
996 939 1093 1002 voet-

32 1040 310 1126 rediguttuacat:
328 1040 822 1124 ethocaiguumaauctaetlrucio
849 1051 905 1122 ῆι,
929 1041 1092 1128 quotuor

31 1147 130 1215 tronti
143 1147 216 1234 ejus
227 1148 357 1232 damna,
372 1154 428 1232 tu,
445 1148 615 1215 immediato
633 1147 778 1233 ditbolo,
794 1166 960 1235 nunquam
974 1147 1092 1216 audeas

33 1255 165 1322 molum.
181 1259 245 1322 Per
255 1254 403 1322 eumdem
415 1252 758 1321 cunctumntminam
769 1262 932 1338 nostrum,
946 1257 1003 1341 qari
1015 1274 1092 1322 ven·

32 1361 122 1429 urm
136 1359 461 1446 autumationum,
479 1365 512 1426 et
524 1364 688 1444 mortum,
700 1361 1087 1447 etanmlumperigucn.

113 1480 134 1539 ι,
158 1468 274 1533 Arnem

94 1496 309 1647 ssostmadum
333 1576 488 1644 accedunt
512 1578 629 1641 iterum
652 1574 803 1653 maseuli,
829 1575 885 1656 qui
899 1591 932 1636 se
951 1579 1088 1638 retraxe-

36 1696 120 1769 rant,
142 1691 175 1750 et
192 1686 257 1768 ipsi
279 1685 321 1750 ad
343 1684 522 1762 dexteram,
543 1680 679 1745 foemium
699 1697 777 1743 vero
798 1675 838 1742 ad
858 1677 1015 1743 sinistram
1037 1680 1090 1743 Sa-

37 1793 193 1875 cerdotis,
214 1793 303 1857 utin
324 1789 505 1875 principio,
533 1788 759 1871 disponuntur.

93 1897 252 1964 Sacerdos
264 1898 403 1981 imponit
416 1913 545 1960 manum
556 1911 652 1978 cuper
664 1893 823 1972 Electum,
839 1892 891 1955 vel
902 1892 928 1955 si
942 1893 1004 1956 siut
1016 1892 1089 1976 plu·

42 2023 82 2069 rra
98 2022 197 2089 super
210 2003 353 2087 singulos
368 2008 433 2067 tam
452 2001 632 2081 masculos,
655 2017 750 2084 quam
763 1997 922 2078 staminas,
941 2004 974 2063 ct
986 1995 1086 2063 dicit:

485 2103 636 2172 orcum.

135 2211 262 2275 ternam
281 2228 320 2275 ac
335 2207 540 2294 juattuaimam
555 2210 706 2294 pietttem
724 2215 812 2273 tuam
831 2208 1005 2294 deprecor,
1020 2212 1089 2276 Do-

133 2316 223 2381 mine
240 2320 369 2398 amato,
382 2318 479 2382 Pater
491 2315 694 2400 omulpotena
702 2360 712 2397 ,
731 2315 846 2380 atoma
857 2316 962 2398 Deua,
976 2324 1090 2381 auctor

41 2419 160 2487 liminis
179 2428 216 2487 et
236 2422 394 2505 vannus,
418 2440 516 2506 anper
533 2422 620 2487 huuc
632 2421 789 2487 stimulum
801 2426 894 2486 tuum
911 2426 949 2484 N.
963 2468 973 2504 ,
989 2430 1027 2488 ut
1039 2423 1090 2487 di·

40 2529 139 2609 gceria
161 2545 238 2593 eum
265 2527 445 2592 illumimre
471 2527 592 2593 lumine
615 2527 829 2608 intelligentia
856 2533 941 2592 tuae:
969 2528 1089 2593 munda

39 2652 125 2716 curn,
148 2640 184 2700 et
205 2633 384 2699 mnatiiicm
409 2632 452 2700 (la
473 2634 504 2698 ci
526 2634 689 2699 scientiam
714 2651 843 2716 veram,
859 2640 897 2698 ut
911 2632 1026 2716 dignus
1040 2634 1088 2698 ei·

38 2736 158 2805 licittur
184 2738 336 2809 accedero
355 2738 397 2806 ad
418 2739 555 2824 gratiam
569 2740 722 2823 Bapttami
740 2740 811 2821 tui,
835 2740 943 2804 teneat
963 2738 1089 2804 firmam

36 2862 140 2930 pern,
162 2846 333 2912 concilium
348 2852 494 2929 rectum,
513 2844 692 2912 doctrinam
712 2851 873 2928 sanctam,
887 2851 924 2910 ut
939 2850 1033 2928 aptua
1047 2845 1090 2911 ait

37 2950 73 3019 etl
91 2950 333 3038 pmnpientan
357 2953 494 3037 matiam
519 2958 620 3018 tuam.
644 2954 705 3019 Per
726 2951 885 3017 curuum
916 2950 1089 3017 Dominum

36 3063 190 3125 omnum.
208 3068 247 3147 ις.
271 3060 385 3124 Amen.
579 3136 586 3150 ⁶

93 3173 124 3233 Si
152 3170 261 3253 plures
289 3169 405 3231 luerint
429 3166 556 3243 lilecti,
583 3166 648 3227 sire
673 3183 801 3243 marra,
831 3166 895 3225 aira
921 3163 1083 3237 scamium,

37 3276 212 3357 praecedens
232 3275 342 3339 Oratio
361 3273 484 3339 dicatur
507 3274 539 3335 in
561 3289 692 3333 numcro
712 3269 848 3352 plurali,
867 3275 899 3332 ct
915 3269 949 3330 in
971 3286 1085 3349 genere

38 3381 186 3463 proprio,
211 3385 249 3442 ut
267 3380 410 3460 superius
430 3378 551 3442 dictum
574 3382 632 3439 ast.

96 3487 152 3549 llis
180 3485 347 3568 peractis,
380 3483 533 3548 Sacerdos
565 3482 690 3547 sinistra
720 3498 814 3544 manu
844 3476 1085 3561 apprehendens

39 3588 193 3656 dexteram
215 3591 314 3654 lilecti
336 3609 439 3674 prope
459 3588 653 3667 brachium,
675 3587 726 3651 uel
749 3586 778 3649 ei
796 3587 962 3669 porrigens
984 3590 1086 3648 extre-

40 3712 113 3763 mam
133 3704 259 3783 purtem
286 3697 395 3779 stolae,
413 3696 589 3763 introducit
611 3713 684 3760 eum
708 3695 738 3758 iu
763 3692 932 3757 Ecclesiam
951 3690 1081 3755 dicens:

42 3800 74 3863 l.
90 3794 264 3880 Ingredere
277 3796 312 3862 in
321 3804 464 3863 cenoman
476 3798 645 3864 Ecclesiam
657 3799 737 3879 Dei,
752 3805 791 3863 ut
807 3798 942 3881 accipias
956 3796 1087 3861 bencdi-

44 3900 173 3969 utrem
187 3902 348 3971 coeltaoem
357 3923 377 3969 a
387 3903 525 3969 Domino
540 3907 616 3970 Jeau
630 3904 774 3988 Christo,
789 3908 823 3969 et
833 3903 952 3969 htheaa
965 3909 1088 3988 partem
1153 3987 1155 3991 Α

48 4019 110 4071 uun
129 4008 208 4092 illo,
231 4016 267 4075 et
285 4011 406 4078 Sanctia
425 4007 504 4093 eiua.

104 4123 135 4202 ιζ.
162 4114 275 4182 Amen.
