2812 5070
80 39 1400 297 ψ

302 704 366 767 260
659 694 777 759 ltitualc
800 696 990 760 llonranurn.

630 820 795 901 llepctitur
818 818 1012 904 antiphona.

368 927 484 1015 Regna
505 939 619 1014 terrae,
644 933 769 998 cantate
791 933 880 998 Deo:
903 928 916 951 '
940 931 1068 1017 psallite
1082 932 1237 998 Domino.

631 1034 793 1116 [inpetitur
816 1032 1012 1116 antiphona.

367 1142 502 1209 t‘sallits
523 1144 616 1227 Dec,
649 1143 706 1228 qui
725 1142 867 1209 ascendit
897 1161 993 1228 super
1019 1144 1136 1210 coelum
1163 1145 1258 1228 coeli,
1285 1140 1294 1157 ‘
1319 1142 1357 1211 ad

301 1249 475 1316 Orientem.

637 1352 802 1434 ltepetitur
825 1349 1019 1434 antiphona.

363 1460 386 1519 li
400 1477 455 1524 ccc
481 1458 571 1526 dabit
586 1459 659 1524 roci
673 1475 737 1525 suoe
751 1474 866 1524 vocam
878 1458 1005 1526 virtith's
1019 1477 1028 1522 z
1046 1458 1120 1525 date
1136 1459 1277 1544 moriam
1290 1461 1356 1526 noo

301 1583 398 1649 super
419 1565 539 1631 lsrael:
565 1566 574 1586 ·
600 1563 837 1649 magnificantia
858 1562 950 1650 ejus,
977 1571 1009 1631 et
1031 1563 1222 1651 virtusejus
1242 1567 1276 1631 in
1298 1565 1358 1631 nri·

300 1670 406 1738 bibus.

629 1772 796 1856 liepctitnr
819 1771 1014 1856 antiphona.

365 1880 529 1948 ltirahilis
548 1884 634 1948 Dens
655 1882 690 1947 in
714 1881 835 1947 Sanctis
855 1880 944 1965 suis,
968 1883 1055 1947 Deus
1070 1881 1169 1948 lsrsal
1183 1883 1256 1967 ipse
1272 1881 1356 1950 (labit

300 1989 452 2056 virtutem
468 1996 501 2056 ct
522 1987 745 2057 fortitudinem
765 1986 853 2072 plebi
875 2005 961 2054 suc:
986 1975 999 2001 '
1022 1985 1212 2054 benedictus
1234 1991 1328 2056 licus.

366 2084 406 2148 Et
427 2101 494 2148 uon
512 2081 628 2148 dieitur
654 2094 765 2161 Gloria
787 2094 899 2177 pau-1,
920 2080 977 2147 sed
993 2078 1177 2165 antiphona
1188 2082 1351 2166 repetitur.

298 2190 429 2256 Interim
452 2189 529 2254 durn
552 2187 737 2272 antiphona
758 2193 790 2252 et
812 2187 930 2253 Psalmi
945 2185 1089 2272 praedieti
1110 2187 1284 2270 dicuutur,
1304 2190 1357 2253 Sa·

299 2297 414 2363 cordos
439 2296 551 2361 circuit
575 2295 746 2360 Ecclesiam
768 2295 957 2360 intrinsecus
981 2293 1200 2377 aspergendo:
1220 2295 1356 2379 aspergit

298 2405 393 2466 etiarn
409 2402 590 2486 specialiter
604 2400 676 2465 loca
697 2401 923 2465 contaminata.
944 2400 1015 2480 Quo
1033 2399 1118 2465 facto
1135 2407 1224 2465 stans
1240 2400 1274 2465 in
1287 2403 1358 2465 Pre-

298 2507 442 2592 sbyterio
465 2525 572 2571 vorsus
596 2505 637 2571 ad
661 2506 791 2584 Altare,
822 2505 921 2572 dicit:

298 2620 456 2781 Deus,
480 2627 538 2711 qui
559 2629 594 2692 in
616 2630 704 2692 omni
724 2627 798 2693 loco
822 2626 1047 2692 dominationis
1066 2630 1130 2691 tuoe
1155 2623 1297 2690 clemens
1327 2627 1358 2688 ct

297 2773 302 2782 ·
340 2767 353 2780 s
382 2731 540 2817 benignus
561 2731 752 2817 purificator
767 2733 907 2798 assistis:
932 2730 1048 2798 oxtudi
1063 2748 1147 2812 nos,
1166 2748 1356 2815 qnantum,

299 2842 332 2902 et
344 2837 497 2919 concede,
507 2843 545 2903 ut
555 2839 588 2902 iu
599 2838 765 2922 posterum
779 2837 976 2903 inviolabilis
989 2833 1086 2920 hnjns
1098 2835 1164 2902 loci
1176 2838 1359 2920 permaneo

299 2941 503 3009 benedictio:
529 2950 562 3009 ct
583 2945 631 3009 tui
645 2943 786 3009 muneris
800 2941 973 3026 beneficia,
989 2941 1179 3007 universitas
1191 2940 1355 3023 fidelium,

299 3066 372 3134 quse
396 3049 577 3135 supplicat,
601 3049 766 3136 psrctpcre
787 3050 957 3115 merettur.
982 3049 1044 3113 Per
1059 3046 1222 3113 Christum
1245 3047 1356 3114 Domi·

299 3173 376 3222 num
399 3163 555 3222 nostrum.

388 3254 393 3282 ἱ

367 3266 629 3419 &Quacum
652 3357 746 3421 llissa
767 3355 879 3421 dedic
902 3357 1094 3422 ocemrenti.

364 3459 502 3543 Simplex
524 3460 678 3525 Sacerdos
700 3469 823 3527 tantum
850 3483 887 3527 ex
912 3463 1079 3547 privilagio
1108 3461 1197 3528 Sedis
1220 3466 1356 3548 Aposto-

296 3568 384 3648 licae,
408 3574 516 3651 potest
537 3569 708 3634 Ecclesiam
729 3570 769 3634 ab
798 3572 956 3656 Episcopo
981 3577 1196 3637 consecratam
1219 3571 1356 3636 reconci-

298 3672 399 3757 liare,
425 3681 456 3739 et
478 3682 556 3751 tunc
578 3684 688 3742 utatur
710 3679 775 3743 ritu
799 3680 832 3742 in
849 3678 1026 3744 Pontifieali
1047 3680 1259 3762 praescripto3
1282 3697 1354 3763 pro-

297 3780 457 3864 cedatquc
473 3782 604 3846 indutus
618 3785 754 3863 amictu,
780 3784 874 3863 alba,
894 3785 1048 3867 cingulo,
1066 3785 1150 3848 stola
1159 3830 1169 3864 ,
1187 3792 1220 3848 ct
1235 3782 1354 3868 pluviali

299 3885 363 3951 albi
386 3885 529 3967 coloris,
555 3887 708 3952 adhibitis
730 3908 836 3954 secum
859 3890 928 3954 aliis
944 3888 1165 3973 Presbyteris,
1186 3895 1219 3952 et
1236 3888 1355 3955 Clericis

297 3993 533 4075 superpelliccis
549 3993 669 4061 indutis
686 4014 759 4061 cum
774 3997 864 4081 atqua
880 3996 921 4061 ab
934 3997 1092 4081 Episcopo
1110 3995 1152 4060 ad
1171 3996 1258 4061 huuc
1271 4011 1352 4058 usurn

296 4099 356 4162 rite
378 4099 555 4166 benedicta.
