2812 5070
179 641 238 704 ¹³4
542 657 667 721 Rituolt
688 655 879 718 Romanum.

173 763 293 848 Gnipho
306 764 339 827 in
354 764 550 846 pretorium.
566 763 643 827 licut
656 767 762 826 outoni
779 779 890 824 mune:
905 765 937 824 et
949 759 1009 844 ipsi
1021 777 1089 825 non
1104 759 1238 826 introiti·

173 877 249 935 runt
265 871 298 934 in
318 869 524 953 pretorium,
547 874 584 933 ut
605 887 671 933 uon
687 868 999 948 contaminandum,
1016 865 1075 932 sod
1090 873 1129 933 ut
1143 885 1235 934 muu-

174 976 328 1042 ducdreot
344 975 475 1039 Pascha.
494 976 599 1039 Exieit
612 992 689 1056 ergo
703 973 825 1037 Pilltus
840 972 882 1038 nd
894 991 949 1038 eos
965 973 1069 1054 loros,
1087 979 1121 1037 et
1136 973 1232 1038 dixit:

174 1081 277 1160 Quum
292 1081 527 1146 accusationem
548 1080 669 1145 offertis
688 1079 838 1144 aduersus
855 1079 1018 1143 bominem
1031 1078 1144 1143 hunc?
1158 1080 1236 1145 lieo·

174 1187 378 1271 ponderum,
403 1193 437 1250 et
458 1187 607 1251 dixerunt
629 1188 681 1252 ei:
706 1187 739 1251 Si
760 1204 827 1250 non
849 1192 932 1250 esset
952 1185 1006 1250 hic
1027 1185 1232 1266 molestetur,

176 1312 242 1358 non
263 1292 323 1357 tibi
345 1292 584 1357 tradidissemus
606 1312 692 1358 eum.
715 1293 803 1357 Dixit
824 1309 903 1375 ergo
922 1292 967 1356 eis
981 1291 1128 1357 Pildtns:
1145 1292 1235 1356 Aod-

175 1399 244 1483 pitc
264 1417 338 1463 eum
357 1417 438 1479 vos,
462 1403 495 1462 et
517 1398 691 1464 secuudum
712 1398 816 1481 legem
837 1403 976 1462 sconem
988 1395 1134 1480 judiclte
1151 1414 1231 1462 eum.

176 1506 332 1570 Dixerunt
352 1523 430 1587 ergo
452 1505 488 1569 ei
503 1506 522 1569 J
524 1504 618 1570 udaei.
642 1504 743 1569 Nobis
756 1523 822 1569 non
837 1504 914 1569 licet
928 1501 1107 1568 interlicere
1128 1520 1236 1586 queun-

179 1631 288 1696 qunm.
308 1614 351 1678 Ut
365 1629 469 1676 sermo
491 1613 567 1677 iesu
589 1611 800 1695 impleretur,
825 1628 923 1694 quem
939 1608 1041 1691 dixit,
1057 1607 1237 1693 significuus

179 1738 244 1802 quo
266 1725 370 1783 morte
393 1725 476 1784 esset
496 1719 683 1783 moriturus.
700 1718 852 1782 introlvit
873 1718 951 1798 ergo
972 1717 1091 1781 iterum
1106 1715 1143 1780 iu
1159 1730 1235 1800 pno-

180 1825 302 1890 tdrium
321 1826 464 1905 Pilltus,
488 1830 521 1889 et
541 1826 671 1889 voelvit
686 1826 815 1903 Jesum,
842 1829 874 1887 ct
897 1822 977 1887 dixit
996 1823 1044 1887 ei:
1063 1823 1114 1886 'iu
1128 1840 1164 1887 cs
1175 1823 1237 1886 ilex

180 1931 392 1997 iudaedrum?
414 1932 595 2016 Respondit
614 1933 728 1996 Jesus:
749 1933 777 1995 Α
797 1931 966 2013 temetipso
988 1929 1054 1995 hoe
1076 1927 1179 2010 dieis,
1200 1945 1235 1992 on

181 2037 236 2102 elii
254 2037 402 2102 dixirunt
418 2036 477 2103 tibi
498 2037 538 2102 dc
556 2037 634 2102 mc?
648 2037 828 2121 Respondit
840 2035 984 2100 Pilitus:
1001 2034 1170 2118 Numquid
1181 2050 1235 2117 ogo

183 2142 312 2207 Judaeus
327 2144 420 2208 sum?
440 2144 524 2207 Gens
543 2150 618 2224 tua,
641 2149 673 2207 et
689 2143 861 2208 Pontifices
879 2140 1082 2206 tradiderunt
1095 2147 1130 2206 te
1144 2139 1233 2205 mini:

185 2246 265 2331 quid
286 2248 414 2312 iecisti?
436 2248 615 2331 Respondit
636 2250 745 2313 iesus:
768 2250 915 2329 Regnum
933 2264 1040 2311 meum
1055 2265 1125 2311 uon
1139 2252 1188 2311 est
1201 2243 1237 2310 dc

181 2354 246 2418 hoc
267 2355 410 2419 mundo:
433 2356 460 2419 si
481 2374 518 2418 cx
536 2355 600 2420 hoc
618 2355 738 2420 mundo
755 2363 835 2419 esset
851 2372 984 2436 regnum
1000 2372 1131 2435 meum,
1147 2354 1236 2418 miul-
1254 2432 1256 2436 Ι

183 2460 242 2524 stri
263 2461 325 2524 mei
338 2462 450 2544 utiquc
464 2460 684 2539 demolirem,
706 2469 826 2526 utnon
850 2459 991 2524 triderer
1007 2458 1142 2524 Judaeis:
1160 2477 1237 2524 nune

184 2573 289 2630 eutem
310 2585 443 2649 reguum
457 2587 562 2631 mcum
579 2587 643 2633 nou
663 2575 711 2632 ost
732 2569 817 2632 hinc.
834 2569 919 2631 Dixit
935 2568 1043 2650 itaque
1059 2567 1090 2630 ci
1103 2566 1236 2631 Pilutus:

186 2675 272 2753 Ergo
286 2675 352 2737 Itex
368 2693 400 2737 es
413 2674 473 2737 tu?
491 2676 668 2757 Respondit
680 2677 791 2739 Jesus:
815 2677 861 2738 Tu
883 2673 984 2755 dieis,
1003 2673 1080 2757 quio
1092 2675 1160 2738 Rex
1176 2689 1240 2738 sum

185 2796 258 2858 ogo.
284 2781 352 2860 Ego
375 2780 487 2843 inhoc
504 2787 703 2858 natussum,
727 2787 760 2844 ct
781 2780 823 2845 od
844 2780 908 2844 hoc
930 2779 1004 2843 voni
1018 2779 1053 2843 iu
1068 2778 1238 2858 mundum,

186 2890 223 2948 ut
242 2885 459 2950 testimonium
484 2887 667 2969 perhibeam
690 2888 837 2950 ventiti:
866 2886 988 2966 omnis,
1006 2885 1063 2968 qui
1077 2889 1126 2948 est
1140 2902 1178 2948 ex
1191 2902 1242 2948 nc-

185 2991 300 3070 ritzitc,
324 2990 412 3055 oudit
435 3011 544 3056 vocem
566 3012 682 3057 meum.
704 2994 788 3056 nteit
811 2993 841 3056 ei
859 2992 999 3055 Pilitus:
1019 2990 1106 3069 Quid
1126 2998 1174 3056 ont
1188 2991 1241 3053 vc-

186 3096 291 3161 ritos?
311 3100 351 3162 Et
374 3118 447 3162 eum
467 3100 530 3164 hoe
553 3099 702 3180 dixisset,
727 3101 843 3163 iterum
865 3099 961 3162 exivit
981 3096 1022 3162 od
1041 3096 1190 3178 Judaeos,
1212 3103 1243 3160 et

187 3200 266 3266 dixit
280 3204 342 3267 eis:
361 3205 429 3286 ligo
447 3205 568 3269 nulium
580 3206 708 3269 invenio
722 3205 756 3268 in
772 3223 811 3268 eo
826 3222 966 3268 causum.
981 3204 1036 3266 Est
1050 3209 1157 3268 nutem
1170 3220 1245 3267 con·

188 3309 324 3373 suetudo
344 3311 457 3391 vobis,
483 3318 520 3376 ut
538 3331 637 3375 uuum
659 3311 815 3376 dimittam
834 3310 928 3374 vobis
943 3310 977 3373 in
990 3309 1135 3374 Pascha:
1152 3309 1257 3378 vultis

189 3431 267 3495 ergo
288 3414 444 3479 dimittam
461 3416 555 3480 vobis
572 3419 691 3499 Regem
703 3416 914 3481 Judaedrum?
929 3416 1155 3479 Clemuvemut
1170 3432 1244 3497 ergo

188 3537 315 3584 rursum
337 3539 469 3601 omnes,
494 3523 655 3587 dieentes:
671 3524 743 3586 iton
762 3523 871 3602 hunc,
893 3520 950 3585 sed
966 3521 1158 3585 Burlbbom.
1175 3523 1248 3586 Erit

189 3632 297 3689 nutem
316 3627 477 3692 Bacibbus
494 3629 587 3692 lotro.
606 3631 694 3692 Tunc
716 3647 793 3711 crgo
815 3626 1028 3712 apprehendit
1048 3627 1171 3692 Pinus
1191 3629 1245 3692 Jo-

190 3752 278 3811 sum,
295 3738 328 3796 et
340 3734 522 3816 flagellent.
539 3738 578 3799 ut
590 3735 703 3799 milites
717 3736 891 3818 plectentes
908 3734 1062 3797 coronam
1078 3732 1120 3798 de
1133 3734 1245 3818 spinis,

190 3838 414 3920 imposuerunt
435 3841 531 3924 etpiti
546 3839 633 3922 ejus,
656 3847 688 3904 et
701 3846 785 3904 ueste
798 3840 960 3922 purpureo
972 3837 1248 3904 circumdederunt

192 3962 276 4010 eum.
294 3947 333 4008 Et
352 3946 524 4011 venidbont
548 3947 590 4011 ad
610 3965 703 4026 eum,
722 3954 754 4010 et
767 3946 936 4010 deshont:
954 3947 1022 4009 dvc
1038 3947 1104 4010 Rex
1116 3945 1247 4011 Judaed·

192 4070 283 4116 cum:
307 4058 338 4115 et
360 4051 478 4117 debent
493 4054 522 4116 ei
538 4053 655 4136 dispas.
673 4054 774 4116 Exivit
788 4070 864 4134 ergo
879 4053 996 4116 iterum
1009 4037 1131 4116 Pilstu's
1144 4052 1246 4131 form,

191 4164 223 4220 et
244 4155 322 4221 dicit
341 4160 405 4223 eis:
430 4161 510 4223 Ecce
523 4158 649 4223 adduco
665 4158 843 4222 vobiscum
858 4157 959 4238 lorus,
977 4162 1015 4220 ut
1028 4157 1246 4240 cognoscitis,

193 4262 267 4342 quio
282 4263 400 4328 nullum
414 4265 542 4329 inclinio
564 4265 598 4326 in
618 4282 655 4328 eo
678 4282 815 4328 causum.
832 4264 950 4343 (Exivit
970 4272 1048 4344 crgo
1062 4263 1156 4327 Jesus
1169 4279 1247 4346 por·

192 4374 272 4463 tuns·
286 4373 440 4436 coronam
460 4373 625 4454 spineum,
652 4377 685 4433 ot
707 4372 905 4455 purpureum
927 4369 1187 4450 vestimintum).
1211 4371 1247 4432 Et

193 4473 270 4540 dicit
292 4476 358 4540 eis:
383 4479 465 4541 Eece
480 4478 592 4543 homo.
610 4479 690 4543 Cum
706 4495 784 4560 ergo
803 4476 953 4542 vidissent
969 4494 1044 4541 eum
1058 4475 1244 4554 Pontifices,
