2782 4696
507 418 729 499 RITUS

188 664 403 732 Benediccudi
426 682 542 731 novam
565 667 757 750 Ecclesiam,
786 687 841 732 seu
865 670 1045 734 oratoriam

266 774 456 858 publicum,
481 781 517 838 ut
539 773 583 837 ibi
606 775 837 838 sanctissimum
860 776 959 840 Missa

373 879 567 943 Sacrificium
590 880 740 945 celebrari
763 883 874 963 possit.

530 1068 716 1127 mm

147 1347 296 1444 'sacrdos
319 1397 434 1443 noram
456 1380 624 1443 Ecclesiam
646 1381 686 1443 de
707 1380 833 1443 licentia
855 1383 1004 1464 Episcopi
1020 1382 1152 1448 benedi·

147 1501 230 1564 irus,
255 1491 292 1548 ut
315 1485 348 1549 in
370 1504 406 1548 ea
429 1483 572 1548 divinum
590 1484 780 1549 Sacrificium
802 1486 900 1548 Missae
923 1487 983 1548 rite
1006 1488 1150 1552 celebre·

147 1608 173 1670 r,
194 1589 277 1652 stola
299 1607 337 1653 ac
358 1589 487 1671 pluviali
510 1589 574 1652 albi
597 1590 713 1653 coloris
734 1590 883 1670 indutus,
908 1592 1031 1673 aliquot
1045 1596 1152 1656 Sacer-

148 1693 230 1757 tibus
258 1700 290 1757 et
320 1695 449 1758 Clericis
477 1694 643 1772 adhibitis,
673 1695 802 1778 praelata
828 1696 927 1759 Cruce
949 1697 1051 1760 media
1071 1700 1153 1762 inter

147 1817 181 1863 os
203 1800 343 1864 Clericus
365 1799 541 1864 deserentes
561 1819 668 1863 cereos
691 1820 862 1881 accensos,
887 1821 978 1864 manc
1007 1802 1154 1883 procedit

159 1905 340 1987 primariam
368 1906 534 1985 Ecclesiae,
562 1906 613 1968 rcl
638 1907 776 1969 Oratorii
801 1905 952 1988 januam:
984 1906 1041 1970 ubi
1069 1913 1154 1971 stans

147 2010 202 2093 pite
224 2018 359 2092 aperto,
379 2029 550 2074 conversus
566 2010 605 2075 ad
622 2031 691 2076 eam
708 2012 784 2076 dicit
800 2012 944 2078 absolute
957 2013 1150 2079 Orationem:

176 2116 301 2182 donee
319 2120 466 2198 nomae,
494 2131 672 2200 quaeum
693 2114 850 2194 Domine,
872 2109 1042 2197 aspirando
1069 2127 1152 2194 pra-

147 2181 276 2304 lveni,
300 2227 333 2287 et
353 2220 535 2304 adjuvdndo
547 2223 758 2306 prosequere:
777 2226 814 2286 ut
828 2224 942 2286 cuncta
956 2224 1065 2282 nostra
1078 2218 1152 2281 orl-

147 2335 206 2394 vet
227 2329 374 2412 operatio
396 2346 417 2392 a
437 2333 470 2391 te
491 2345 615 2412 semper
635 2327 786 2412 incipiat,
810 2331 843 2391 ct
863 2343 921 2410 per
941 2330 974 2389 te
995 2328 1098 2408 ooepta
1113 2319 1153 2385 fi-

147 2433 221 2500 aar.
244 2434 307 2499 Per
329 2433 488 2499 Christum
509 2434 680 2499 Dominum
695 2438 853 2498 nostrum.
877 2433 990 2496 Amen.

159 2534 287 2601 Deinde
315 2539 445 2602 inchoat
471 2543 711 2624 Antiphonem:
746 2538 902 2622 Asptrgcs
923 2553 997 2616 mc,
1029 2540 1090 2598 etc.
1124 2549 1154 2603 et

147 2658 208 2708 aas
238 2643 416 2709 alternatim
438 2646 516 2710 dicit
537 2648 717 2712 Psalmum.
756 2643 918 2736 limatam,
941 2645 1002 2704 etc.
1034 2649 1068 2709 in
1095 2646 1156 2710 line

147 2752 211 2821 ich
232 2752 331 2818 Patri.

161 2852 299 2916 Interim
316 2854 512 2919 circumdant
536 2859 672 2919 exterius
689 2857 857 2919 Ecclesiam
882 2861 971 2937 (quai
992 2857 1077 2919 intus
1094 2854 1151 2920 dc-

147 2967 153 3023 t
180 2977 251 3023 case
272 2978 373 3024 vacua
395 2969 426 3024 et
449 2963 552 3042 nuda,
578 2970 610 3026 et
632 2964 750 3044 pariter
773 2963 893 3026 Altaria
907 2962 1010 3043 nuda,
1027 2963 1153 3026 excluso

147 3063 246 3147 pulc,
272 3064 374 3130 donee
395 3067 539 3131 absoluta
561 3070 601 3131 sit
622 3069 844 3148 benedictio),
877 3075 908 3131 ot
930 3067 1081 3133 Sacerdos
1103 3088 1156 3131 ac-

147 3177 192 3235 >to
215 3174 383 3254 aspergillo
407 3195 445 3237 cx
467 3174 565 3238 herba
587 3176 741 3257 hyssopi,
766 3176 808 3238 ad
836 3176 903 3258 ejus
932 3175 1090 3239 dexteram
1120 3194 1152 3238 sc

147 3283 309 3359 avertens,
327 3280 462 3361 parietes
480 3280 622 3344 Ecclesiae
638 3282 672 3344 in
685 3283 839 3364 superiori
854 3288 964 3365 parte,
989 3288 1021 3345 ct
1036 3281 1069 3344 in
1084 3281 1159 3344 stm-

147 3381 277 3460 mentiS,
301 3402 374 3447 eum
399 3388 488 3468 iqua
510 3385 673 3450 benedicta
696 3388 855 3469 aspergit,
877 3388 1004 3451 dicens:

168 3492 414 3577 Aspcrgmme,
437 3492 593 3574 Domine,
617 3492 776 3577 hyssopo,
795 3497 827 3558 ct
841 3489 1042 3556 mundabor:
1065 3485 1154 3551 lart-

147 3612 251 3682 tme,
279 3604 313 3664 ct
337 3616 433 3681 super
456 3601 560 3663 nivem
582 3598 767 3665 dealbabor.

168 3701 297 3765 Reversi
321 3701 363 3766 ad
385 3704 507 3781 locum,
532 3703 628 3768 unde·
640 3705 801 3768 processio
827 3704 947 3766 initium
970 3700 1092 3779 halmit,
1109 3719 1159 3764 rc·

148 3805 203 3869 lita
225 3808 411 3891 Antiphone
434 3829 451 3874 a
475 3811 590 3889 Clero,
615 3811 767 3878 Sacerdos
789 3818 875 3876 stans
896 3817 931 3873 ut
950 3809 1036 3892 prius
1053 3827 1158 3871 vorsus

147 3911 298 3994 alesiam,
327 3913 427 3981 dicit:
454 3916 603 3981 oremus.

170 4018 501 4087 llinistridlleetdmus
522 4023 635 4104 genua.

171 4135 207 4213 nl.
231 4129 360 4193 levita
