<?xml version="1.0" encoding="UTF-8"?>
<!DOCTYPE html PUBLIC "-//W3C//DTD XHTML 1.0 Transitional//EN"
    "http://www.w3.org/TR/xhtml1/DTD/xhtml1-transitional.dtd">
<html xmlns="http://www.w3.org/1999/xhtml" xml:lang="en" lang="en">
 <head>
  <title>
</title>
<meta http-equiv="Content-Type" content="text/html;charset=utf-8" />
  <meta name='ocr-system' content='tesseract 3.04.00' />
  <meta name='ocr-capabilities' content='ocr_page ocr_carea ocr_par ocr_line ocrx_word'/>
</head>
<body>
  <div class='ocr_page' id='page_1' title='image "./ritualeromanump00churgoog_0069.png"; bbox 0 0 2782 4696; ppageno 0'>
   <div class='ocr_carea' id='block_1_1' title="bbox 286 269 1355 4200">
    <p class='ocr_par' dir='ltr' id='par_1_1' title="bbox 286 269 1340 567">
     <span class='ocr_line' id='line_1_1' title="bbox 289 269 988 335; baseline 0.004 -4"><span class='ocrx_word' id='word_1_1' title='bbox 289 269 332 331; x_wconf 66' lang='grc' dir='ltr'><strong>Μ</strong></span> <span class='ocrx_word' id='word_1_2' title='bbox 655 271 776 335; x_wconf 83' lang='lat' dir='ltr'>itituale</span> <span class='ocrx_word' id='word_1_3' title='bbox 799 273 988 335; x_wconf 85' lang='lat' dir='ltr'>Romanum.</span> 
     </span>
     <span class='ocr_line' id='line_1_2' title="bbox 286 388 1340 481; baseline 0.005 -25"><span class='ocrx_word' id='word_1_4' title='bbox 286 390 351 456; x_wconf 78' lang='lat' dir='ltr'>frui</span> <span class='ocrx_word' id='word_1_5' title='bbox 373 392 477 475; x_wconf 80' lang='lat' dir='ltr'>gratia</span> <span class='ocrx_word' id='word_1_6' title='bbox 497 393 650 476; x_wconf 86' lang='lat' dir='ltr'>Baptismi</span> <span class='ocrx_word' id='word_1_7' title='bbox 671 393 747 475; x_wconf 85' lang='lat' dir='ltr'>tui,</span> <span class='ocrx_word' id='word_1_8' title='bbox 772 409 869 477; x_wconf 89' lang='lat' dir='ltr'>quem</span> <span class='ocrx_word' id='word_1_9' title='bbox 895 393 1067 478; x_wconf 80' lang='lat' dir='ltr'>suscepit,</span> <span class='ocrx_word' id='word_1_10' title='bbox 1094 394 1170 459; x_wconf 82' lang='lat' dir='ltr'>satis</span> <span class='ocrx_word' id='word_1_11' title='bbox 1197 388 1340 481; x_wconf 80' lang='lat' dir='ltr'>perceptu</span> 
     </span>
     <span class='ocr_line' id='line_1_3' title="bbox 286 496 1272 567; baseline 0.004 -5"><span class='ocrx_word' id='word_1_12' title='bbox 286 496 455 562; x_wconf 78' lang='lat' dir='ltr'>medicina.</span> <span class='ocrx_word' id='word_1_13' title='bbox 479 500 542 564; x_wconf 86' lang='lat' dir='ltr'>Per</span> <span class='ocrx_word' id='word_1_14' title='bbox 563 498 711 564; x_wconf 89' lang='lat' dir='ltr'>eumdem</span> <span class='ocrx_word' id='word_1_15' title='bbox 733 497 894 564; x_wconf 79' lang='lat' dir='ltr'>Christum</span> <span class='ocrx_word' id='word_1_16' title='bbox 915 498 1089 565; x_wconf 79' lang='lat' dir='ltr'>Dominum</span> <span class='ocrx_word' id='word_1_17' title='bbox 1110 505 1272 567; x_wconf 71' lang='lat' dir='ltr'>nocuum.</span> 
     </span>
    </p>

    <p class='ocr_par' dir='ltr' id='par_1_2' title="bbox 360 606 530 671">
     <span class='ocr_line' id='line_1_4' title="bbox 360 606 530 671; baseline -0.018 0"><span class='ocrx_word' id='word_1_18' title='bbox 360 612 397 671; x_wconf 68' lang='lat' dir='ltr'>n‘:</span> <span class='ocrx_word' id='word_1_19' title='bbox 414 606 530 669; x_wconf 72' lang='lat' dir='ltr'>Amen.</span> 
     </span>
    </p>

    <p class='ocr_par' dir='ltr' id='par_1_3' title="bbox 294 650 1343 905">
     <span class='ocr_line' id='line_1_5' title="bbox 359 650 1343 798; baseline 0.001 -22"><span class='ocrx_word' id='word_1_20' title='bbox 359 715 390 776; x_wconf 79' lang='lat' dir='ltr'>Si</span> <span class='ocrx_word' id='word_1_21' title='bbox 409 715 516 797; x_wconf 72' lang='lat' dir='ltr'>[eiures</span> <span class='ocrx_word' id='word_1_22' title='bbox 540 715 602 777; x_wconf 76' lang='lat' dir='ltr'>sint</span> <span class='ocrx_word' id='word_1_23' title='bbox 620 713 686 778; x_wconf 79' lang='lat' dir='ltr'>hae</span> <span class='ocrx_word' id='word_1_24' title='bbox 712 720 745 778; x_wconf 86' lang='lat' dir='ltr'>et</span> <span class='ocrx_word' id='word_1_25' title='bbox 761 713 942 798; x_wconf 81' lang='lat' dir='ltr'>praecedens</span> <span class='ocrx_word' id='word_1_26' title='bbox 958 650 1208 780; x_wconf 45' lang='lat' dir='ltr'>Oratiozl’doees</span> <span class='ocrx_word' id='word_1_27' title='bbox 1226 717 1343 777; x_wconf 67' lang='lat' dir='ltr'>neuras</span> 
     </span>
     <span class='ocr_line' id='line_1_6' title="bbox 294 818 795 905; baseline 0.004 -23"><span class='ocrx_word' id='word_1_28' title='bbox 294 818 440 884; x_wconf 87' lang='lat' dir='ltr'>dicantur</span> <span class='ocrx_word' id='word_1_29' title='bbox 458 822 491 883; x_wconf 92' lang='lat' dir='ltr'>in</span> <span class='ocrx_word' id='word_1_30' title='bbox 515 838 648 884; x_wconf 87' lang='lat' dir='ltr'>numero</span> <span class='ocrx_word' id='word_1_31' title='bbox 670 820 795 905; x_wconf 82' lang='lat' dir='ltr'><strong>plurali.</strong></span> 
     </span>
    </p>

    <p class='ocr_par' dir='ltr' id='par_1_4' title="bbox 365 925 912 992">
     <span class='ocr_line' id='line_1_7' title="bbox 365 925 912 992; baseline 0.004 -4"><span class='ocrx_word' id='word_1_32' title='bbox 365 925 482 991; x_wconf 75' lang='lat' dir='ltr'>Deinde</span> <span class='ocrx_word' id='word_1_33' title='bbox 504 926 657 992; x_wconf 76' lang='lat' dir='ltr'>Sacerdos</span> <span class='ocrx_word' id='word_1_34' title='bbox 673 926 834 991; x_wconf 86' lang='lat' dir='ltr'>benedicit</span> <span class='ocrx_word' id='word_1_35' title='bbox 854 928 912 992; x_wconf 83' lang='lat' dir='ltr'>sal.</span> 
     </span>
    </p>

    <p class='ocr_par' dir='ltr' id='par_1_5' title="bbox 676 1033 966 1101">
     <span class='ocr_line' id='line_1_8' title="bbox 676 1033 966 1101; baseline 0 -3"><span class='ocrx_word' id='word_1_36' title='bbox 676 1033 860 1100; x_wconf 81' lang='lat' dir='ltr'>Benedictio</span> <span class='ocrx_word' id='word_1_37' title='bbox 883 1035 966 1101; x_wconf 81' lang='lat' dir='ltr'>salis.</span> 
     </span>
    </p>

    <p class='ocr_par' dir='ltr' id='par_1_6' title="bbox 295 1137 1346 1306">
     <span class='ocr_line' id='line_1_9' title="bbox 295 1137 1346 1306; baseline 0.005 -104"><span class='ocrx_word' id='word_1_38' title='bbox 295 1139 487 1306; x_wconf 75' lang='lat' dir='ltr'>Exoscizo</span> <span class='ocrx_word' id='word_1_39' title='bbox 507 1144 560 1222; x_wconf 91' lang='lat' dir='ltr'>te,</span> <span class='ocrx_word' id='word_1_40' title='bbox 584 1137 841 1221; x_wconf 81' lang='lat' dir='ltr'>meatemsalis,</span> <span class='ocrx_word' id='word_1_41' title='bbox 855 1137 891 1204; x_wconf 90' lang='lat' dir='ltr'>iu</span> <span class='ocrx_word' id='word_1_42' title='bbox 905 1137 1036 1207; x_wconf 86' lang='lat' dir='ltr'>nemine</span> <span class='ocrx_word' id='word_1_43' title='bbox 1050 1139 1110 1204; x_wconf 84' lang='lat' dir='ltr'>Dei</span> <span class='ocrx_word' id='word_1_44' title='bbox 1125 1140 1231 1206; x_wconf 83' lang='lat' dir='ltr'>Patris</span> <span class='ocrx_word' id='word_1_45' title='bbox 1247 1142 1346 1207; x_wconf 90' lang='lat' dir='ltr'>omni·</span> 
     </span>
    </p>

    <p class='ocr_par' dir='ltr' id='par_1_7' title="bbox 289 1241 1349 2605">
     <span class='ocr_line' id='line_1_10' title="bbox 358 1241 1347 1328; baseline 0.005 -20"><span class='ocrx_word' id='word_1_46' title='bbox 358 1245 500 1327; x_wconf 87' lang='lat' dir='ltr'>potentis</span> <span class='ocrx_word' id='word_1_47' title='bbox 535 1257 585 1328; x_wconf 55' lang='lat' dir='ltr'>ep,</span> <span class='ocrx_word' id='word_1_48' title='bbox 608 1250 641 1309; x_wconf 88' lang='lat' dir='ltr'>et</span> <span class='ocrx_word' id='word_1_49' title='bbox 661 1245 696 1308; x_wconf 91' lang='lat' dir='ltr'>in</span> <span class='ocrx_word' id='word_1_50' title='bbox 718 1241 872 1309; x_wconf 77' lang='lat' dir='ltr'>charittte</span> <span class='ocrx_word' id='word_1_51' title='bbox 892 1244 1023 1309; x_wconf 79' lang='lat' dir='ltr'>Domini</span> <span class='ocrx_word' id='word_1_52' title='bbox 1041 1244 1146 1310; x_wconf 83' lang='lat' dir='ltr'>nostri</span> <span class='ocrx_word' id='word_1_53' title='bbox 1165 1246 1245 1312; x_wconf 83' lang='lat' dir='ltr'>Jssu</span> <span class='ocrx_word' id='word_1_54' title='bbox 1263 1247 1347 1313; x_wconf 82' lang='lat' dir='ltr'>Chri-</span> 
     </span>
     <span class='ocr_line' id='line_1_11' title="bbox 291 1349 1347 1438; baseline 0.004 -23"><span class='ocrx_word' id='word_1_55' title='bbox 291 1350 333 1415; x_wconf 83' lang='lat' dir='ltr'>sti</span> <span class='ocrx_word' id='word_1_56' title='bbox 365 1362 420 1432; x_wconf 51' lang='lat' dir='ltr'>a«,</span> <span class='ocrx_word' id='word_1_57' title='bbox 445 1357 478 1415; x_wconf 87' lang='lat' dir='ltr'>et</span> <span class='ocrx_word' id='word_1_58' title='bbox 500 1350 535 1416; x_wconf 89' lang='lat' dir='ltr'>iu</span> <span class='ocrx_word' id='word_1_59' title='bbox 558 1349 831 1436; x_wconf 82' lang='lat' dir='ltr'>virtdtespiritns</span> <span class='ocrx_word' id='word_1_60' title='bbox 850 1350 957 1415; x_wconf 82' lang='lat' dir='ltr'>Sancti</span> <span class='ocrx_word' id='word_1_61' title='bbox 981 1361 1016 1428; x_wconf 68' lang='lat'>&gt;14</span> <span class='ocrx_word' id='word_1_62' title='bbox 1038 1371 1047 1414; x_wconf 74' lang='grc' dir='ltr'><strong>ι</strong></span> <span class='ocrx_word' id='word_1_63' title='bbox 1070 1353 1219 1418; x_wconf 70' lang='lat' dir='ltr'>morene</span> <span class='ocrx_word' id='word_1_64' title='bbox 1240 1360 1273 1418; x_wconf 89' lang='lat' dir='ltr'>tc</span> <span class='ocrx_word' id='word_1_65' title='bbox 1294 1372 1347 1438; x_wconf 86' lang='lat' dir='ltr'>per</span> 
     </span>
     <span class='ocr_line' id='line_1_12' title="bbox 290 1457 1348 1544; baseline 0.003 -22"><span class='ocrx_word' id='word_1_66' title='bbox 290 1458 393 1522; x_wconf 87' lang='lat' dir='ltr'>Deum</span> <span class='ocrx_word' id='word_1_67' title='bbox 415 1457 524 1522; x_wconf 78' lang='lat' dir='ltr'>rivum</span> <span class='ocrx_word' id='word_1_68' title='bbox 554 1470 615 1540; x_wconf 56' lang='lat' dir='ltr'>aa,</span> <span class='ocrx_word' id='word_1_69' title='bbox 641 1458 827 1542; x_wconf 87' lang='lat' dir='ltr'>perDeum</span> <span class='ocrx_word' id='word_1_70' title='bbox 851 1474 964 1522; x_wconf 82' lang='lat' dir='ltr'>verum</span> <span class='ocrx_word' id='word_1_71' title='bbox 991 1466 1053 1541; x_wconf 66' lang='lat' dir='ltr'>vit,</span> <span class='ocrx_word' id='word_1_72' title='bbox 1076 1458 1348 1544; x_wconf 49' lang='lat' dir='ltr'>&amp;Dummo-</span> 
     </span>
     <span class='ocr_line' id='line_1_13' title="bbox 292 1562 1347 1650; baseline 0.001 -20"><span class='ocrx_word' id='word_1_73' title='bbox 292 1570 381 1631; x_wconf 88' lang='lat' dir='ltr'>ctum</span> <span class='ocrx_word' id='word_1_74' title='bbox 409 1566 663 1649; x_wconf 62' lang='lat' dir='ltr'>mercem</span> <span class='ocrx_word' id='word_1_75' title='bbox 682 1562 1347 1650; x_wconf 66' lang='lat' dir='ltr'>ffl,quitoadtutelnmhumenigeueris</span> 
     </span>
     <span class='ocr_line' id='line_1_14' title="bbox 289 1669 1348 1757; baseline 0.003 -21"><span class='ocrx_word' id='word_1_76' title='bbox 289 1672 498 1756; x_wconf 80' lang='lat' dir='ltr'>procreirit,</span> <span class='ocrx_word' id='word_1_77' title='bbox 516 1678 549 1737; x_wconf 88' lang='lat' dir='ltr'>et</span> <span class='ocrx_word' id='word_1_78' title='bbox 565 1670 690 1757; x_wconf 85' lang='lat' dir='ltr'>populo</span> <span class='ocrx_word' id='word_1_79' title='bbox 706 1669 846 1736; x_wconf 84' lang='lat' dir='ltr'>venienti</span> <span class='ocrx_word' id='word_1_80' title='bbox 865 1669 908 1736; x_wconf 83' lang='lat' dir='ltr'>ad</span> <span class='ocrx_word' id='word_1_81' title='bbox 929 1669 1150 1737; x_wconf 81' lang='lat' dir='ltr'>credulitttom</span> <span class='ocrx_word' id='word_1_82' title='bbox 1166 1691 1230 1757; x_wconf 88' lang='lat' dir='ltr'>per</span> <span class='ocrx_word' id='word_1_83' title='bbox 1246 1690 1348 1739; x_wconf 70' lang='lat' dir='ltr'>mos</span> 
     </span>
     <span class='ocr_line' id='line_1_15' title="bbox 291 1777 1349 1862; baseline 0.002 -18"><span class='ocrx_word' id='word_1_84' title='bbox 291 1796 369 1844; x_wconf 90' lang='lat' dir='ltr'>suos</span> <span class='ocrx_word' id='word_1_85' title='bbox 388 1779 569 1843; x_wconf 83' lang='lat' dir='ltr'>eomecrtri</span> <span class='ocrx_word' id='word_1_86' title='bbox 591 1777 766 1862; x_wconf 80' lang='lat' dir='ltr'>pracepit,</span> <span class='ocrx_word' id='word_1_87' title='bbox 790 1777 884 1842; x_wconf 87' lang='lat' dir='ltr'>utin</span> <span class='ocrx_word' id='word_1_88' title='bbox 901 1779 1031 1843; x_wconf 88' lang='lat' dir='ltr'>nomine</span> <span class='ocrx_word' id='word_1_89' title='bbox 1054 1784 1172 1844; x_wconf 67' lang='lat' dir='ltr'>sancta</span> <span class='ocrx_word' id='word_1_90' title='bbox 1190 1779 1349 1846; x_wconf 76' lang='lat' dir='ltr'>Trinitttis</span> 
     </span>
     <span class='ocr_line' id='line_1_16' title="bbox 291 1882 1346 1967; baseline 0.003 -17"><span class='ocrx_word' id='word_1_91' title='bbox 291 1884 442 1950; x_wconf 76' lang='lat' dir='ltr'>efficieris</span> <span class='ocrx_word' id='word_1_92' title='bbox 462 1884 602 1949; x_wconf 77' lang='lat' dir='ltr'>salutdre</span> <span class='ocrx_word' id='word_1_93' title='bbox 622 1885 859 1949; x_wconf 65' lang='lat' dir='ltr'>scammum</span> <span class='ocrx_word' id='word_1_94' title='bbox 881 1882 925 1948; x_wconf 89' lang='lat' dir='ltr'>ad</span> <span class='ocrx_word' id='word_1_95' title='bbox 946 1882 1156 1967; x_wconf 74' lang='lat' dir='ltr'>eiiugtndum</span> <span class='ocrx_word' id='word_1_96' title='bbox 1175 1886 1346 1952; x_wconf 82' lang='lat' dir='ltr'>inimicum</span> 
     </span>
     <span class='ocr_line' id='line_1_17' title="bbox 291 1989 1348 2073; baseline 0.001 -17"><span class='ocrx_word' id='word_1_97' title='bbox 291 1990 434 2056; x_wconf 85' lang='lat' dir='ltr'>Proinde</span> <span class='ocrx_word' id='word_1_98' title='bbox 454 1992 606 2073; x_wconf 77' lang='lat' dir='ltr'>rogemus</span> <span class='ocrx_word' id='word_1_99' title='bbox 622 1997 676 2071; x_wconf 86' lang='lat' dir='ltr'>te,</span> <span class='ocrx_word' id='word_1_100' title='bbox 697 1989 842 2055; x_wconf 78' lang='lat' dir='ltr'>Domine.</span> <span class='ocrx_word' id='word_1_101' title='bbox 855 1989 943 2056; x_wconf 84' lang='lat' dir='ltr'>Deus</span> <span class='ocrx_word' id='word_1_102' title='bbox 962 1995 1095 2072; x_wconf 82' lang='lat' dir='ltr'>nostor,</span> <span class='ocrx_word' id='word_1_103' title='bbox 1111 1995 1151 2056; x_wconf 83' lang='lat' dir='ltr'>ut</span> <span class='ocrx_word' id='word_1_104' title='bbox 1165 1989 1253 2057; x_wconf 86' lang='lat' dir='ltr'>hunc</span> <span class='ocrx_word' id='word_1_105' title='bbox 1267 2008 1348 2057; x_wconf 81' lang='lat' dir='ltr'>crea·</span> 
     </span>
     <span class='ocr_line' id='line_1_18' title="bbox 291 2093 1348 2178; baseline 0.003 -18"><span class='ocrx_word' id='word_1_106' title='bbox 291 2097 397 2163; x_wconf 72' lang='lat' dir='ltr'>tetram</span> <span class='ocrx_word' id='word_1_107' title='bbox 412 2096 486 2160; x_wconf 88' lang='lat' dir='ltr'>salis</span> <span class='ocrx_word' id='word_1_108' title='bbox 500 2093 727 2160; x_wconf 78' lang='lat' dir='ltr'>sanctificendo</span> <span class='ocrx_word' id='word_1_109' title='bbox 749 2093 926 2160; x_wconf 83' lang='lat' dir='ltr'>sanctifices</span> <span class='ocrx_word' id='word_1_110' title='bbox 942 2105 977 2172; x_wconf 53' lang='grc' dir='ltr'>ἧς</span> <span class='ocrx_word' id='word_1_111' title='bbox 991 2139 1003 2178; x_wconf 88' lang='grc'><em>,</em></span> <span class='ocrx_word' id='word_1_112' title='bbox 1016 2100 1050 2161; x_wconf 85' lang='lat' dir='ltr'>et</span> <span class='ocrx_word' id='word_1_113' title='bbox 1060 2094 1284 2163; x_wconf 80' lang='lat' dir='ltr'>benedicendo</span> <span class='ocrx_word' id='word_1_114' title='bbox 1295 2095 1348 2163; x_wconf 80' lang='lat' dir='ltr'>he·</span> 
     </span>
     <span class='ocr_line' id='line_1_19' title="bbox 292 2199 1347 2286; baseline 0.004 -21"><span class='ocrx_word' id='word_1_115' title='bbox 292 2199 422 2265; x_wconf 85' lang='lat' dir='ltr'>nedicas</span> <span class='ocrx_word' id='word_1_116' title='bbox 447 2214 506 2280; x_wconf 48' lang='lat' dir='ltr'>sp,</span> <span class='ocrx_word' id='word_1_117' title='bbox 533 2206 570 2264; x_wconf 88' lang='lat' dir='ltr'>ut</span> <span class='ocrx_word' id='word_1_118' title='bbox 591 2199 645 2265; x_wconf 82' lang='lat' dir='ltr'>fiat</span> <span class='ocrx_word' id='word_1_119' title='bbox 666 2201 814 2266; x_wconf 84' lang='lat' dir='ltr'>omnihus</span> <span class='ocrx_word' id='word_1_120' title='bbox 836 2199 1065 2285; x_wconf 73' lang='lat' dir='ltr'>accipientibus</span> <span class='ocrx_word' id='word_1_121' title='bbox 1083 2200 1229 2286; x_wconf 78' lang='lat' dir='ltr'>perfecta</span> <span class='ocrx_word' id='word_1_122' title='bbox 1249 2200 1347 2268; x_wconf 84' lang='lat' dir='ltr'>medi·</span> 
     </span>
     <span class='ocr_line' id='line_1_20' title="bbox 293 2305 1348 2392; baseline 0.003 -23"><span class='ocrx_word' id='word_1_123' title='bbox 293 2307 366 2370; x_wconf 86' lang='lat' dir='ltr'>eiua</span> <span class='ocrx_word' id='word_1_124' title='bbox 386 2307 576 2389; x_wconf 77' lang='lat' dir='ltr'>permanens</span> <span class='ocrx_word' id='word_1_125' title='bbox 597 2307 631 2371; x_wconf 90' lang='lat' dir='ltr'>in</span> <span class='ocrx_word' id='word_1_126' title='bbox 653 2305 827 2372; x_wconf 84' lang='lat' dir='ltr'>visceribus</span> <span class='ocrx_word' id='word_1_127' title='bbox 849 2307 983 2388; x_wconf 82' lang='lat' dir='ltr'>oerum,</span> <span class='ocrx_word' id='word_1_128' title='bbox 1006 2307 1041 2371; x_wconf 91' lang='lat' dir='ltr'>in</span> <span class='ocrx_word' id='word_1_129' title='bbox 1060 2308 1192 2373; x_wconf 69' lang='lat' dir='ltr'>nomae</span> <span class='ocrx_word' id='word_1_130' title='bbox 1212 2305 1348 2392; x_wconf 80' lang='lat' dir='ltr'>ejdsden</span> 
     </span>
     <span class='ocr_line' id='line_1_21' title="bbox 291 2411 1347 2498; baseline 0.003 -19"><span class='ocrx_word' id='word_1_131' title='bbox 291 2412 424 2479; x_wconf 86' lang='lat' dir='ltr'>Domini</span> <span class='ocrx_word' id='word_1_132' title='bbox 443 2413 545 2478; x_wconf 84' lang='lat' dir='ltr'>nostn&#39;</span> <span class='ocrx_word' id='word_1_133' title='bbox 566 2414 642 2479; x_wconf 88' lang='lat' dir='ltr'>Jesu</span> <span class='ocrx_word' id='word_1_134' title='bbox 662 2413 801 2497; x_wconf 81' lang='lat' dir='ltr'>Christi,</span> <span class='ocrx_word' id='word_1_135' title='bbox 822 2414 880 2498; x_wconf 81' lang='lat' dir='ltr'>qai</span> <span class='ocrx_word' id='word_1_136' title='bbox 900 2413 1054 2479; x_wconf 79' lang='lat' dir='ltr'>venturus</span> <span class='ocrx_word' id='word_1_137' title='bbox 1072 2419 1122 2480; x_wconf 85' lang='lat' dir='ltr'>cst</span> <span class='ocrx_word' id='word_1_138' title='bbox 1139 2411 1288 2498; x_wconf 79' lang='lat' dir='ltr'>J‘udiotm</span> <span class='ocrx_word' id='word_1_139' title='bbox 1303 2414 1347 2481; x_wconf 83' lang='lat' dir='ltr'>ri·</span> 
     </span>
     <span class='ocr_line' id='line_1_22' title="bbox 293 2519 1073 2605; baseline 0 -21"><span class='ocrx_word' id='word_1_140' title='bbox 293 2537 377 2601; x_wconf 82' lang='lat' dir='ltr'>eos,</span> <span class='ocrx_word' id='word_1_141' title='bbox 400 2525 433 2584; x_wconf 89' lang='lat' dir='ltr'>et</span> <span class='ocrx_word' id='word_1_142' title='bbox 454 2526 623 2604; x_wconf 86' lang='lat' dir='ltr'>mortuos,</span> <span class='ocrx_word' id='word_1_143' title='bbox 649 2527 682 2585; x_wconf 90' lang='lat' dir='ltr'>et</span> <span class='ocrx_word' id='word_1_144' title='bbox 703 2519 855 2586; x_wconf 79' lang='lat' dir='ltr'>saeculum</span> <span class='ocrx_word' id='word_1_145' title='bbox 873 2537 933 2605; x_wconf 91' lang='lat' dir='ltr'>per</span> <span class='ocrx_word' id='word_1_146' title='bbox 953 2521 1073 2604; x_wconf 77' lang='lat' dir='ltr'>ignem.</span> 
     </span>
    </p>

    <p class='ocr_par' dir='ltr' id='par_1_8' title="bbox 359 2627 562 2718">
     <span class='ocr_line' id='line_1_23' title="bbox 359 2627 562 2718; baseline 0.01 -28"><span class='ocrx_word' id='word_1_147' title='bbox 359 2636 397 2718; x_wconf 68' lang='lat' dir='ltr'>a).</span> <span class='ocrx_word' id='word_1_148' title='bbox 448 2627 562 2692; x_wconf 78' lang='lat' dir='ltr'>Amen.</span> 
     </span>
    </p>

    <p class='ocr_par' dir='ltr' id='par_1_9' title="bbox 294 2734 1343 3140">
     <span class='ocr_line' id='line_1_24' title="bbox 361 2734 1343 2816; baseline -0.002 -15"><span class='ocrx_word' id='word_1_149' title='bbox 361 2736 505 2816; x_wconf 82' lang='lat' dir='ltr'>Quodsi</span> <span class='ocrx_word' id='word_1_150' title='bbox 529 2736 655 2800; x_wconf 84' lang='lat' dir='ltr'>Electus</span> <span class='ocrx_word' id='word_1_151' title='bbox 678 2734 774 2798; x_wconf 86' lang='lat' dir='ltr'>inerit</span> <span class='ocrx_word' id='word_1_152' title='bbox 798 2735 948 2816; x_wconf 84' lang='lat' dir='ltr'>Gentilis,</span> <span class='ocrx_word' id='word_1_153' title='bbox 971 2752 1028 2800; x_wconf 87' lang='lat' dir='ltr'>sen</span> <span class='ocrx_word' id='word_1_154' title='bbox 1044 2754 1080 2799; x_wconf 88' lang='lat' dir='ltr'>cx</span> <span class='ocrx_word' id='word_1_155' title='bbox 1098 2735 1343 2803; x_wconf 81' lang='lat' dir='ltr'>Idololatrisee</span> 
     </span>
     <span class='ocr_line' id='line_1_25' title="bbox 295 2842 1343 2927; baseline -0.001 -20"><span class='ocrx_word' id='word_1_156' title='bbox 295 2845 379 2908; x_wconf 87' lang='lat' dir='ltr'>uerit</span> <span class='ocrx_word' id='word_1_157' title='bbox 399 2843 441 2907; x_wconf 87' lang='lat' dir='ltr'>ad</span> <span class='ocrx_word' id='word_1_158' title='bbox 461 2843 583 2924; x_wconf 85' lang='lat' dir='ltr'>fidem,</span> <span class='ocrx_word' id='word_1_159' title='bbox 603 2842 771 2906; x_wconf 87' lang='lat' dir='ltr'>benedicto</span> <span class='ocrx_word' id='word_1_160' title='bbox 792 2843 856 2906; x_wconf 87' lang='lat' dir='ltr'>sale</span> <span class='ocrx_word' id='word_1_161' title='bbox 871 2890 880 2923; x_wconf 92' lang='lat'>,</span> <span class='ocrx_word' id='word_1_162' title='bbox 897 2849 1065 2927; x_wconf 68' lang='lat' dir='ltr'>acutequam</span> <span class='ocrx_word' id='word_1_163' title='bbox 1080 2842 1149 2926; x_wconf 87' lang='lat' dir='ltr'>ejus</span> <span class='ocrx_word' id='word_1_164' title='bbox 1161 2844 1343 2909; x_wconf 86' lang='lat' dir='ltr'>medicinam</span> 
     </span>
     <span class='ocr_line' id='line_1_26' title="bbox 294 2948 1343 3033; baseline -0.001 -20"><span class='ocrx_word' id='word_1_165' title='bbox 294 2956 418 3031; x_wconf 81' lang='lat' dir='ltr'>gustet,</span> <span class='ocrx_word' id='word_1_166' title='bbox 441 2949 593 3014; x_wconf 85' lang='lat' dir='ltr'>Sacerdos</span> <span class='ocrx_word' id='word_1_167' title='bbox 613 2948 709 3012; x_wconf 89' lang='lat' dir='ltr'>addat</span> <span class='ocrx_word' id='word_1_168' title='bbox 728 2956 911 3031; x_wconf 84' lang='lat' dir='ltr'>sequentem</span> <span class='ocrx_word' id='word_1_169' title='bbox 931 2951 1139 3032; x_wconf 85' lang='lat' dir='ltr'>Orationem,</span> <span class='ocrx_word' id='word_1_170' title='bbox 1159 2969 1232 3033; x_wconf 78' lang='lat' dir='ltr'>quae</span> <span class='ocrx_word' id='word_1_171' title='bbox 1247 2958 1343 3016; x_wconf 89' lang='lat' dir='ltr'>tamen</span> 
     </span>
     <span class='ocr_line' id='line_1_27' title="bbox 295 3054 1342 3140; baseline 0.002 -23"><span class='ocrx_word' id='word_1_172' title='bbox 295 3074 355 3138; x_wconf 90' lang='lat' dir='ltr'>pro</span> <span class='ocrx_word' id='word_1_173' title='bbox 370 3056 570 3120; x_wconf 66' lang='lat' dir='ltr'>uenientibus</span> <span class='ocrx_word' id='word_1_174' title='bbox 585 3074 621 3119; x_wconf 81' lang='lat' dir='ltr'>ex</span> <span class='ocrx_word' id='word_1_175' title='bbox 640 3054 782 3119; x_wconf 82' lang='lat' dir='ltr'>Hoebreis</span> <span class='ocrx_word' id='word_1_176' title='bbox 794 3102 802 3136; x_wconf 93' lang='lat'>,</span> <span class='ocrx_word' id='word_1_177' title='bbox 816 3055 866 3120; x_wconf 82' lang='lat' dir='ltr'>vel</span> <span class='ocrx_word' id='word_1_178' title='bbox 882 3056 949 3120; x_wconf 86' lang='lat' dir='ltr'>aliis</span> <span class='ocrx_word' id='word_1_179' title='bbox 962 3063 998 3121; x_wconf 91' lang='lat' dir='ltr'>nt</span> <span class='ocrx_word' id='word_1_180' title='bbox 1011 3074 1127 3140; x_wconf 86' lang='lat' dir='ltr'>supra,</span> <span class='ocrx_word' id='word_1_181' title='bbox 1140 3075 1208 3122; x_wconf 92' lang='lat' dir='ltr'>non</span> <span class='ocrx_word' id='word_1_182' title='bbox 1224 3056 1342 3124; x_wconf 87' lang='lat' dir='ltr'>dicitur.</span> 
     </span>
    </p>

    <p class='ocr_par' dir='ltr' id='par_1_10' title="bbox 470 3157 1173 3230">
     <span class='ocr_line' id='line_1_28' title="bbox 470 3157 1173 3230; baseline 0.01 -9"><span class='ocrx_word' id='word_1_183' title='bbox 470 3157 622 3229; x_wconf 85' lang='lat' dir='ltr'>oremus.</span> <span class='ocrx_word' id='word_1_184' title='bbox 1047 3164 1173 3230; x_wconf 83' lang='lat' dir='ltr'>Oratio.</span> 
     </span>
    </p>

    <p class='ocr_par' dir='ltr' id='par_1_11' title="bbox 294 3259 1355 4200">
     <span class='ocr_line' id='line_1_29' title="bbox 379 3259 1350 3350; baseline 0.008 -26"><span class='ocrx_word' id='word_1_185' title='bbox 379 3259 486 3325; x_wconf 87' lang='lat' dir='ltr'>omine</span> <span class='ocrx_word' id='word_1_186' title='bbox 509 3267 638 3346; x_wconf 82' lang='lat' dir='ltr'>macte,</span> <span class='ocrx_word' id='word_1_187' title='bbox 661 3264 756 3329; x_wconf 84' lang='lat' dir='ltr'>Pater</span> <span class='ocrx_word' id='word_1_188' title='bbox 778 3264 1005 3348; x_wconf 85' lang='lat' dir='ltr'>omnipotens,</span> <span class='ocrx_word' id='word_1_189' title='bbox 1027 3265 1144 3331; x_wconf 78' lang='lat' dir='ltr'>oeterm</span> <span class='ocrx_word' id='word_1_190' title='bbox 1167 3265 1279 3349; x_wconf 85' lang='lat' dir='ltr'>Deus,</span> <span class='ocrx_word' id='word_1_191' title='bbox 1299 3264 1350 3350; x_wconf 85' lang='lat' dir='ltr'>qui</span> 
     </span>
     <span class='ocr_line' id='line_1_30' title="bbox 294 3273 1351 3457; baseline 0 -21"><span class='ocrx_word' id='word_1_192' title='bbox 294 3273 431 3448; x_wconf 84' lang='lat' dir='ltr'>Des,</span> <span class='ocrx_word' id='word_1_193' title='bbox 446 3369 547 3450; x_wconf 85' lang='lat' dir='ltr'>etqui</span> <span class='ocrx_word' id='word_1_194' title='bbox 560 3385 645 3451; x_wconf 89' lang='lat' dir='ltr'>eras,</span> <span class='ocrx_word' id='word_1_195' title='bbox 663 3371 765 3453; x_wconf 88' lang='lat' dir='ltr'>etqui</span> <span class='ocrx_word' id='word_1_196' title='bbox 780 3371 947 3454; x_wconf 86' lang='lat' dir='ltr'>permanes</span> <span class='ocrx_word' id='word_1_197' title='bbox 963 3371 1113 3454; x_wconf 86' lang='lat' dir='ltr'>usquein</span> <span class='ocrx_word' id='word_1_198' title='bbox 1130 3370 1246 3456; x_wconf 83' lang='lat' dir='ltr'>finem,</span> <span class='ocrx_word' id='word_1_199' title='bbox 1267 3370 1351 3457; x_wconf 87' lang='lat' dir='ltr'>cujus</span> 
     </span>
     <span class='ocr_line' id='line_1_31' title="bbox 297 3473 1353 3564; baseline 0.004 -24"><span class='ocrx_word' id='word_1_200' title='bbox 297 3473 391 3557; x_wconf 84' lang='lat' dir='ltr'>origo</span> <span class='ocrx_word' id='word_1_201' title='bbox 404 3474 545 3539; x_wconf 80' lang='lat' dir='ltr'>nesotmr</span> <span class='ocrx_word' id='word_1_202' title='bbox 559 3519 569 3555; x_wconf 93' lang='lat'>,</span> <span class='ocrx_word' id='word_1_203' title='bbox 584 3493 644 3540; x_wconf 88' lang='lat' dir='ltr'>nee</span> <span class='ocrx_word' id='word_1_204' title='bbox 657 3473 731 3541; x_wconf 89' lang='lat' dir='ltr'>finis</span> <span class='ocrx_word' id='word_1_205' title='bbox 742 3475 973 3560; x_wconf 80' lang='lat' dir='ltr'>comprehendi</span> <span class='ocrx_word' id='word_1_206' title='bbox 993 3482 1121 3561; x_wconf 85' lang='lat' dir='ltr'>potest:</span> <span class='ocrx_word' id='word_1_207' title='bbox 1144 3484 1179 3543; x_wconf 85' lang='lat' dir='ltr'>to</span> <span class='ocrx_word' id='word_1_208' title='bbox 1196 3479 1353 3564; x_wconf 78' lang='lat' dir='ltr'>supplicos</span> 
     </span>
     <span class='ocr_line' id='line_1_32' title="bbox 296 3581 1354 3668; baseline 0.008 -24"><span class='ocrx_word' id='word_1_209' title='bbox 296 3581 483 3647; x_wconf 77' lang='lat' dir='ltr'>invocemus</span> <span class='ocrx_word' id='word_1_210' title='bbox 506 3599 603 3664; x_wconf 87' lang='lat' dir='ltr'>super</span> <span class='ocrx_word' id='word_1_211' title='bbox 624 3581 712 3647; x_wconf 89' lang='lat' dir='ltr'>huuc</span> <span class='ocrx_word' id='word_1_212' title='bbox 733 3582 887 3649; x_wconf 84' lang='lat' dir='ltr'>itmnlnm</span> <span class='ocrx_word' id='word_1_213' title='bbox 912 3587 1005 3649; x_wconf 88' lang='lat' dir='ltr'>tuum</span> <span class='ocrx_word' id='word_1_214' title='bbox 1022 3587 1062 3650; x_wconf 82' lang='lat' dir='ltr'>n.</span> <span class='ocrx_word' id='word_1_215' title='bbox 1092 3600 1190 3668; x_wconf 87' lang='lat' dir='ltr'>quem</span> <span class='ocrx_word' id='word_1_216' title='bbox 1215 3584 1354 3651; x_wconf 80' lang='lat' dir='ltr'>liberisti</span> 
     </span>
     <span class='ocr_line' id='line_1_33' title="bbox 297 3684 1354 3775; baseline 0.004 -24"><span class='ocrx_word' id='word_1_217' title='bbox 297 3684 339 3751; x_wconf 88' lang='lat' dir='ltr'>de</span> <span class='ocrx_word' id='word_1_218' title='bbox 356 3687 465 3752; x_wconf 81' lang='lat' dir='ltr'>erroro</span> <span class='ocrx_word' id='word_1_219' title='bbox 484 3687 672 3769; x_wconf 82' lang='lat' dir='ltr'>gentilium,</span> <span class='ocrx_word' id='word_1_220' title='bbox 690 3693 724 3752; x_wconf 85' lang='lat' dir='ltr'>et</span> <span class='ocrx_word' id='word_1_221' title='bbox 737 3689 979 3754; x_wconf 81' lang='lat' dir='ltr'>conversatiene</span> <span class='ocrx_word' id='word_1_222' title='bbox 998 3689 1204 3774; x_wconf 79' lang='lat' dir='ltr'>turpissima3</span> <span class='ocrx_word' id='word_1_223' title='bbox 1225 3689 1354 3775; x_wconf 72' lang='lat' dir='ltr'>dignere</span> 
     </span>
     <span class='ocr_line' id='line_1_34' title="bbox 298 3792 1354 3876; baseline 0.007 -21"><span class='ocrx_word' id='word_1_224' title='bbox 298 3792 449 3858; x_wconf 78' lang='lat' dir='ltr'>exaudire</span> <span class='ocrx_word' id='word_1_225' title='bbox 472 3811 568 3875; x_wconf 89' lang='lat' dir='ltr'>eum,</span> <span class='ocrx_word' id='word_1_226' title='bbox 593 3793 650 3876; x_wconf 85' lang='lat' dir='ltr'>qni</span> <span class='ocrx_word' id='word_1_227' title='bbox 671 3792 733 3858; x_wconf 84' lang='lat' dir='ltr'>sibi</span> <span class='ocrx_word' id='word_1_228' title='bbox 755 3795 894 3859; x_wconf 87' lang='lat' dir='ltr'>eervices</span> <span class='ocrx_word' id='word_1_229' title='bbox 915 3813 987 3861; x_wconf 87' lang='lat' dir='ltr'>suus</span> <span class='ocrx_word' id='word_1_230' title='bbox 1008 3795 1154 3860; x_wconf 87' lang='lat' dir='ltr'>humiliat</span> <span class='ocrx_word' id='word_1_231' title='bbox 1177 3794 1221 3862; x_wconf 87' lang='lat' dir='ltr'>ad</span> <span class='ocrx_word' id='word_1_232' title='bbox 1240 3794 1354 3862; x_wconf 75' lang='lat' dir='ltr'>lauteri</span> 
     </span>
     <span class='ocr_line' id='line_1_35' title="bbox 298 3897 1354 3988; baseline 0.006 -26"><span class='ocrx_word' id='word_1_233' title='bbox 298 3897 448 3979; x_wconf 86' lang='lat' dir='ltr'>iontem,</span> <span class='ocrx_word' id='word_1_234' title='bbox 473 3904 511 3963; x_wconf 91' lang='lat' dir='ltr'>nt</span> <span class='ocrx_word' id='word_1_235' title='bbox 536 3901 667 3964; x_wconf 83' lang='lat' dir='ltr'>renttus</span> <span class='ocrx_word' id='word_1_236' title='bbox 690 3916 728 3963; x_wconf 81' lang='lat' dir='ltr'>ex</span> <span class='ocrx_word' id='word_1_237' title='bbox 751 3917 860 3984; x_wconf 75' lang='lat' dir='ltr'>aqum,</span> <span class='ocrx_word' id='word_1_238' title='bbox 884 3906 918 3965; x_wconf 87' lang='lat' dir='ltr'>et</span> <span class='ocrx_word' id='word_1_239' title='bbox 938 3900 1059 3984; x_wconf 84' lang='lat' dir='ltr'>Spiritu</span> <span class='ocrx_word' id='word_1_240' title='bbox 1081 3902 1227 3985; x_wconf 83' lang='lat' dir='ltr'>Sancto,</span> <span class='ocrx_word' id='word_1_241' title='bbox 1257 3919 1354 3988; x_wconf 85' lang='lat' dir='ltr'>expo·</span> 
     </span>
     <span class='ocr_line' id='line_1_36' title="bbox 298 4003 1355 4092; baseline 0.005 -24"><span class='ocrx_word' id='word_1_242' title='bbox 298 4003 394 4069; x_wconf 85' lang='lat' dir='ltr'>littus</span> <span class='ocrx_word' id='word_1_243' title='bbox 415 4005 556 4070; x_wconf 72' lang='lat' dir='ltr'>ueterem</span> <span class='ocrx_word' id='word_1_244' title='bbox 577 4005 764 4086; x_wconf 90' lang='lat' dir='ltr'>hominem,</span> <span class='ocrx_word' id='word_1_245' title='bbox 793 4005 906 4073; x_wconf 85' lang='lat' dir='ltr'>induat</span> <span class='ocrx_word' id='word_1_246' title='bbox 929 4025 1076 4090; x_wconf 79' lang='lat' dir='ltr'>novum,</span> <span class='ocrx_word' id='word_1_247' title='bbox 1103 4009 1160 4092; x_wconf 90' lang='lat' dir='ltr'>qui</span> <span class='ocrx_word' id='word_1_248' title='bbox 1181 4007 1355 4075; x_wconf 66' lang='lat' dir='ltr'>monum</span> 
     </span>
     <span class='ocr_line' id='line_1_37' title="bbox 299 4111 1354 4200; baseline 0.007 -25"><span class='ocrx_word' id='word_1_249' title='bbox 299 4115 333 4175; x_wconf 83' lang='lat' dir='ltr'>ts</span> <span class='ocrx_word' id='word_1_250' title='bbox 357 4111 483 4177; x_wconf 80' lang='lat' dir='ltr'>crettns</span> <span class='ocrx_word' id='word_1_251' title='bbox 505 4116 575 4195; x_wconf 87' lang='lat' dir='ltr'>est;</span> <span class='ocrx_word' id='word_1_252' title='bbox 595 4111 730 4196; x_wconf 83' lang='lat' dir='ltr'>accipiat</span> <span class='ocrx_word' id='word_1_253' title='bbox 743 4118 861 4179; x_wconf 81' lang='lat' dir='ltr'>vestem</span> <span class='ocrx_word' id='word_1_254' title='bbox 881 4113 1121 4200; x_wconf 77' lang='lat' dir='ltr'>incorruptam,</span> <span class='ocrx_word' id='word_1_255' title='bbox 1145 4119 1181 4180; x_wconf 90' lang='lat' dir='ltr'>et</span> <span class='ocrx_word' id='word_1_256' title='bbox 1199 4115 1354 4182; x_wconf 85' lang='lat' dir='ltr'>immacu·</span> 
     </span>
    </p>
   </div>
   <div class='ocr_carea' id='block_1_2' title="bbox 1380 234 1389 335">
    <p class='ocr_par' dir='ltr' id='par_1_12' title="bbox 1380 234 1389 335">
     <span class='ocr_line' id='line_1_38' title="bbox 1380 234 1389 335; baseline 0 0"><span class='ocrx_word' id='word_1_257' title='bbox 1380 234 1389 335; x_wconf 75' lang='lat' dir='ltr'>t</span> 
     </span>
    </p>
   </div>
   <div class='ocr_carea' id='block_1_3' title="bbox 0 0 1410 4696">
    <p class='ocr_par' dir='ltr' id='par_1_13' title="bbox 0 0 1410 4696">
     <span class='ocr_line' id='line_1_39' title="bbox 0 0 1410 4696; baseline 0 0"><span class='ocrx_word' id='word_1_258' title='bbox 0 0 1410 4696; x_wconf 95' lang='lat' dir='ltr'> </span> 
     </span>
    </p>
   </div>
  </div>
 </body>
</html>
