2782 4696
170 335 236 401 340
531 326 655 393 Ritucle
678 326 865 394 Romanum.

238 455 306 517 Rex
326 441 482 505 virtutdm
502 436 609 502 dilecti
633 436 766 511 dilectit
790 451 804 477 *
830 443 862 501 et
892 438 1010 521 speciei
1038 438 1154 505 domus
1174 439 1217 505 di-

170 550 279 615 videre
302 549 418 633 spolia.

237 657 276 727 si
306 653 474 721 dormietis
506 653 590 717 inter
622 649 744 718 medios
777 653 904 735 cleros,
934 670 1048 736 pcnnae
1073 651 1219 718 columbe

171 764 411 845 deargentdtae,
437 771 448 795 ·
472 764 504 824 et
520 758 700 843 posteridre
722 758 809 825 dorsi
831 758 899 843 eins
911 759 946 824 in
962 759 1087 843 pulldrc
1103 761 1184 825 curi.

238 881 326 943 Dum
349 866 499 932 discernit
521 864 656 930 celestis
679 881 771 948 reges
797 884 894 949 snper
911 883 1009 947 eam,
1037 865 1112 930 nive
1139 863 1218 931 desi·

170 974 336 1043 hubdntur
353 974 388 1039 in
406 971 553 1036 selmon:
580 982 591 1007 *
615 986 709 1034 mons
732 971 812 1053 Dei,
840 988 933 1037 mons
954 972 1097 1055 pinguis.

153 1166 160 1175 Ι
243 1092 335 1152 tione
357 1077 567 1160 congulitus,
584 1093 678 1142 mons
693 1077 820 1161 pinguis
840 1084 852 1109 ¹
879 1076 1010 1163 utquid
1026 1077 1218 1162 suspicemini

171 1192 297 1252 montes
320 1183 537 1268 coaguldtos?

238 1303 355 1373 Mons,
369 1292 404 1355 in
428 1308 494 1373 quo
514 1289 750 1374 beneplu'citum
769 1296 818 1355 est
838 1290 907 1355 Deo
928 1289 1076 1356 habitere
1089 1291 1124 1355 in
1138 1308 1190 1355 eo:
1210 1294 1218 1313 ⁵

172 1401 289 1468 etenim
311 1399 466 1464 deinus
492 1396 651 1463 habitibit
672 1398 707 1462 in
723 1396 832 1463 finem.

239 1513 361 1574 iturrus
388 1504 448 1568 Dei
475 1502 585 1569 decern
613 1501 755 1568 millibus
776 1501 962 1587 multiplex,
994 1503 1098 1569 millis
1120 1500 1219 1568 letin-

171 1613 272 1678 tinm:
298 1618 306 1637 ¹
334 1610 491 1674 deinus
511 1609 546 1673 in
565 1611 611 1674 eis
634 1609 670 1672 in
695 1609 769 1673 Sine
789 1612 822 1672 in
838 1613 961 1673 sancto.

239 1716 422 1790 iiscendisti
438 1717 472 1780 in
489 1716 615 1796 ultum,
638 1715 750 1799 cepisti
776 1715 1021 1800 captivititem:
1049 1728 1059 1748 ··
1083 1713 1221 1799 accepisti

170 1824 257 1891 done
282 1824 317 1887 in
339 1821 534 1888 hominibus.

235 1930 367 2002 Etenim
392 1945 458 1992 non
474 1926 660 2009 credentes,
692 1932 703 1961 *
721 1925 901 1992 inhabitiire
919 1927 1098 1992 himinum
1116 1929 1219 1992 Denn.

239 2033 433 2105 Benedictus
461 2032 618 2098 deinus
644 2032 695 2097 die
723 2024 923 2117 quotidiet*
954 2051 1148 2118 prosperum
1171 2034 1221 2096 iter

171 2143 267 2208 faciet
290 2139 386 2205 nohis
405 2141 491 2204 Deus
509 2139 692 2205 salutarium
714 2141 910 2205 nostrdrum.

234 2257 327 2316 ,Dens
348 2252 478 2326 noster,
502 2245 589 2310 Deus
611 2245 714 2310 salvos
735 2243 895 2311 faciendi:
924 2255 935 2281 ⁴
957 2251 990 2309 et
1013 2247 1147 2312 deini
1166 2245 1221 2310 lit»

169 2354 248 2418 mini
268 2354 369 2416 exitus
386 2352 512 2415 mortis.

235 2464 466 2527 verumtamen
487 2458 574 2522 Deus
603 2458 782 2541 confringet
799 2459 904 2543 cupite
927 2459 1137 2524 inimicdrnm
1152 2458 1221 2524 sui·

169 2584 263 2633 rum:
291 2568 307 2595 *
325 2565 477 2630 verticem
501 2563 607 2647 capilii
633 2564 921 2648 perambulintium
942 2567 977 2630 in
1000 2565 1129 2632 delictis
1155 2568 1219 2632 suis.

233 2672 328 2742 Dixit
347 2671 527 2736 Dominus:
551 2672 597 2734 Ex
618 2672 719 2736 Busan
735 2672 938 2754 convertam,
966 2687 978 2707 *
1000 2673 1220 2738 convertentia

169 2775 366 2862 prcfdndnm
387 2777 495 2840 maris

233 2888 284 2954 'sii
305 2881 482 2964 intingitur
502 2900 559 2966 pes
580 2889 654 2947 tuus
677 2883 711 2947 in
744 2884 922 2966 sunguine:
946 2891 960 2915 *
984 2883 1097 2968 lingue
1120 2900 1220 2952 ccnun

169 2988 299 3052 tucrum
318 3005 357 3051 ex
378 2988 531 3070 inimicis,
555 2988 596 3053 ab
617 2990 701 3072 ipso.

231 3091 396 3162 Viderunt
421 3093 581 3176 ingressus
606 3102 702 3177 tuos,
726 3096 869 3178 Deus,¹i
893 3096 1054 3180 ingressus
1071 3099 1134 3164 Dei
1156 3096 1218 3175 nei,

168 3197 252 3284 regis
273 3197 356 3280 mei,
378 3200 435 3280 qui
455 3200 556 3264 estin
579 3206 703 3266 sancto.

231 3303 463 3375 prevenerunt
497 3306 660 3389 principes
697 3305 860 3390 conjdncti
892 3306 1127 3392 psallentibus,
1150 3312 1164 3338 *
1193 3308 1219 3371 in

167 3409 273 3475 medic
291 3408 537 3494 juvenculirum
561 3413 866 3496 tympanistridrunr.

232 3521 279 3581 lu
308 3514 454 3579 Ecclesiis
482 3515 659 3582 benedicite
689 3519 759 3583 Deo
783 3519 952 3601 Dimino,
977 3527 990 3551 *
1015 3519 1058 3584 de
1086 3519 1220 3586 idntibus

166 3619 273 3685 Israel.

232 3726 288 3790 ibi
311 3726 474 3791 Beniamin
497 3727 808 3813 adolescentulus,*
837 3730 871 3795 in
889 3733 1006 3796 mentis
1028 3735 1171 3799 excessu.

231 3832 403 3917 Principes
427 3833 535 3916 iude,
560 3834 656 3900 duces
678 3837 810 3902 eduum:
833 3840 844 3863 *
873 3838 1036 3922 principes
1056 3838 1218 3918 inbulom

166 3938 326 4022 principes
349 3939 509 4022 Nephtcli.

232 4047 262 4106 il.
272 4043 356 4109 undu
371 4045 457 4110 Deus
470 4045 582 4111 virtriti
598 4053 680 4112 tuae:
700 4054 709 4073 '
744 4049 900 4115 confirma
921 4049 1007 4133 hcc,
1024 4050 1126 4134 Deus,
1141 4047 1220 4135 quod

167 4153 317 4232 cperdtus
342 4169 375 4214 es
400 4151 434 4214 in
460 4150 564 4217 nobis.
