2782 4696
320 243 368 306 Dc
390 244 585 340 sacramento
610 247 759 314 Extremas
782 248 955 314 tinctionis.
1120 255 1163 319 89

125 374 194 432 dicio
214 381 279 433 baon
296 373 468 445 efficiendis,
487 381 537 435 aut
558 376 650 450 pueris
670 375 785 435 radonis
804 388 888 434 usam
909 389 967 432 non
985 373 1163 431 habentibus.

162 464 192 520 Si
207 463 271 537 quis
290 472 384 522 autem
402 463 510 522 laboret
526 465 557 521 in
574 463 722 533 extremis,
743 453 773 522 e't
789 461 943 536 periculum
966 463 1167 519 immineatne

125 549 228 608 meat
253 558 402 625 antequam
424 551 557 611 finiantur
572 553 746 623 Unctiones,
769 552 826 609 cito
844 559 987 624 ungatur,
1008 548 1166 626 incipiendo

125 636 146 694 b
162 653 198 695 eo
215 638 294 696 loco:
313 643 371 697 Per
387 642 475 696 {amm
487 644 620 696 sanctum
638 643 820 709 octonem,
832 642 886 694 eta.
900 646 933 695 ut
946 635 1035 694 infra:
1050 635 1165 705 deinde,

125 724 240 782 iadhnc
250 727 404 802 supervivat
415 769 423 797 ,
435 725 718 812 dicantuqoaationeo
729 726 918 800 praetermissae
927 741 979 783 suo
988 724 1049 782 loco
1059 726 1165 797 positae.

163 815 192 871 Si
209 831 276 872 uero
293 814 361 872 dum
380 815 547 887 inungitur,
563 815 692 873 infirmus
710 815 845 886 decedat,
860 813 1006 890 Presbyter
1022 814 1098 871 ultra
1110 828 1169 870 non

125 902 263 973 medat,
283 910 312 960 et
330 902 475 976 praedictas
494 904 632 962 orationes
650 904 771 982 omittat.
817 973 819 976 y
842 977 843 981 Ἰ

162 989 249 1062 Quod
268 991 292 1049 si
309 989 417 1049 dubitet
433 1007 471 1048 an
488 993 562 1049 duat
582 991 696 1062 adhuc,
716 992 883 1049 Unctionem
902 996 1102 1064 prosequatur,
1114 987 1169 1047 sub

125 1076 273 1136 anditione
288 1078 496 1151 pronunciando
510 1079 648 1149 formam,
663 1078 775 1137 dicens:
788 1083 820 1139 st
832 1083 922 1150 ateis,
935 1095 989 1153 per
1000 1081 1088 1135 istum
1100 1093 1169 1134 son-

125 1162 192 1223 m
220 1170 405 1237 amimam,
423 1171 477 1224 etc.
499 1175 532 1224 ut
549 1166 632 1224 infra.

164 1253 197 1310 Si
206 1262 302 1312 autem
311 1254 461 1324 acciderit,
480 1254 622 1312 infirmum
633 1262 696 1328 post
708 1262 882 1328 peecatorum
894 1269 1009 1311 suorum
1021 1250 1171 1310 confessio-

125 1355 180 1399 n
196 1340 235 1399 ud
251 1343 356 1400 exitam
372 1343 435 1400 virae
452 1359 612 1417 properare,
632 1352 700 1401 tuno
720 1360 785 1401 cum
804 1358 883 1400 sacro
900 1342 1008 1398 Viatieo
1026 1340 1128 1414 poterit
1142 1348 1171 1399 et

125 1428 217 1488 dmm
234 1431 409 1489 infirmorum
426 1431 539 1490 adeum
556 1431 657 1490 deferri
672 1448 721 1506 per
739 1433 829 1506 ipsum
846 1430 1036 1500 Sacerdotem,
1054 1429 1103 1501 qui
1121 1427 1170 1485 de·

125 1515 170 1577 'ert
184 1535 296 1578 sacram
313 1520 525 1579 Eucharistiam.
542 1521 571 1578 Si
589 1529 683 1579 tamen
696 1521 767 1578 alius
782 1519 944 1594 Presbyter,
956 1518 999 1575 vel
1012 1519 1170 1586 Diaconos,

125 1606 165 1681 pai
180 1605 285 1664 (ileum
304 1615 432 1672 sanctum
450 1605 574 1678 deferat,
596 1607 690 1668 haberi
709 1608 812 1681 possit,
834 1623 882 1679 per
902 1606 992 1678 ipsum
1011 1601 1170 1672 deferatur,

125 1694 164 1770 μὶ
178 1695 378 1769 superpelliceo
395 1693 524 1765 indutus,
542 1711 607 1753 cum
625 1695 693 1753 Oleo
708 1711 787 1754 sacro
803 1695 910 1753 occulte
927 1692 1019 1751 delato
1036 1699 1172 1766 sequatur

125 1781 295 1841 heudotcm
315 1783 454 1841 viaticum
475 1791 652 1856 portanteme
671 1792 701 1840 et
719 1792 865 1858 postquam
887 1782 1015 1840 infirmus
1032 1781 1172 1839 viaticum

125 1872 286 1945 upserm
304 1872 457 1944 inungatur
473 1888 490 1931 a
507 1871 662 1930 Sacerdote.

169 1961 209 2017 ln
224 1957 323 2017 eadem
343 1960 504 2018 infirmitate
521 1960 574 2017 boe
591 1962 798 2018 Sacramentum
817 1962 911 2019 iterari
923 1976 981 2018 uon
998 1959 1099 2029 debet,
1118 1959 1172 2051 nisi

125 2044 252 2221 w
267 2049 322 2119 sit,
340 2056 374 2107 nt
388 2048 412 2106 si
427 2063 492 2107 eum
507 2048 634 2109 infirmus
650 2051 842 2120 convaluerit,
862 2051 962 2108 iterum
975 2050 1007 2107 in
1018 2048 1173 2123 periculum

190 2135 198 2150 ⁸
234 2135 371 2195 inciderit.

166 2224 302 2300 Quinque
317 2242 381 2285 vero
398 2228 519 2300 eorporis
533 2237 624 2302 partes
635 2227 771 2303 precipue
788 2229 856 2302 ungi
871 2227 975 2286 debent
987 2271 995 2300 ,
1007 2243 1077 2301 quas
1087 2226 1173 2285 veluti

125 2326 251 2372 mum
271 2313 455 2373 imtmmenta
475 2316 580 2374 homini
598 2325 698 2375 natrrru
715 2317 832 2387 tribuit,
851 2332 951 2391 nempe
969 2317 1062 2386 oculi,
1076 2331 1171 2384 aures,

125 2415 217 2474 mee,
230 2417 282 2473 os,
296 2410 325 2458 et
336 2418 451 2461 manus:
466 2412 589 2462 attamen
602 2404 685 2478 pedes
703 2407 787 2462 etiam
805 2413 834 2463 et
850 2421 930 2462 renes
948 2403 1072 2479 ungendi
1091 2412 1173 2479 sunt3

125 2488 165 2547 ted
183 2506 287 2548 mnnm
310 2492 404 2549 unctio
421 2493 451 2549 in
469 2492 650 2562 mulieribus,
669 2493 822 2551 honestatis
839 2495 949 2567 gratia,
968 2509 1077 2566 semper
1093 2492 1175 2549 omie

125 2577 209 2650 itm
228 2587 313 2652 atque
331 2580 415 2638 mam
426 2582 456 2639 in
467 2581 675 2655 viris,quendo
694 2583 823 2641 indimus
841 2582 985 2642 commode
1004 2581 1174 2641 moverinon

125 2671 218 2737 petest.
230 2665 284 2723 Sed
296 2666 353 2724 sive
370 2669 400 2725 in
420 2668 602 2739 mulieribus,
621 2669 676 2727 sive
694 2670 724 2726 in
743 2671 825 2741 viris,
844 2669 898 2728 alia
914 2669 1035 2742 eorporis
1046 2685 1110 2742 pars
1125 2683 1175 2742 pro

125 2751 231 2812 mrbus
246 2754 317 2828 ungi
331 2771 389 2814 non
406 2754 497 2815 debet.

167 2843 274 2900 luanus
288 2859 370 2915 vero,
381 2860 444 2918 qum
457 2845 571 2920 reliquis
582 2846 700 2905 infinitis
711 2847 827 2905 interius
837 2849 907 2921 ungi
920 2846 1040 2917 debent,
1055 2845 1174 2921 Presby-

125 2928 184 2988 Μὴ
200 2931 320 2988 exterius
335 2942 488 3006 ungantur.

167 3019 246 3074 Dum
266 3018 381 3089 oculos,
403 3037 503 3092 aures,
517 3030 545 3080 et
555 3023 608 3080 alia
621 3024 743 3096 corporis
756 3023 899 3093 membra,
919 3039 981 3097 quar
999 3024 1076 3096 paria
1089 3031 1174 3092 suut,

125 3102 250 3164 Seoerdos
268 3108 369 3182 ungit,
391 3117 503 3180 caveat,
524 3126 560 3167 ne
580 3111 698 3168 alterum
720 3114 846 3185 ipsorum
866 3110 1053 3186 inungendo,
1074 3113 1175 3170 Sacra·

125 3192 205 3250 uena
221 3191 340 3253 iomram
359 3197 435 3271 prius
455 3197 594 3268 absolvat,
613 3215 697 3273 quarn
717 3199 799 3257 ambo
817 3198 977 3272 hujusmodi
995 3200 1072 3272 paria
1088 3215 1175 3257 mem·

125 3276 166 3339 in
185 3284 354 3355 perunxerit.

165 3369 198 3427 si
208 3371 273 3443 qais
290 3381 383 3430 autem
395 3375 432 3431 sit
444 3374 538 3448 aliquo
550 3376 675 3434 membro
695 3377 840 3435 mutilatus
851 3418 860 3446 ,
875 3392 939 3450 pars
953 3377 1016 3435 ioco
1027 3377 1069 3434 illi
1080 3378 1174 3449 proxi·

125 3470 162 3514 ua
178 3456 355 3532 mungatur,
376 3461 472 3520 eadem
490 3464 636 3522 verborum
657 3464 758 3523 forma.

167 3545 262 3620 Hujus
278 3557 371 3607 autem
393 3551 563 3610 sacramenti
580 3553 670 3611 forma
683 3596 691 3625 ,
706 3570 761 3628 qua
781 3554 881 3611 Sancta
901 3556 1028 3610 Romana
1047 3553 1174 3612 Ecclesia

125 3635 223 3706 adtur,
235 3637 369 3695 solemnis
381 3639 429 3698 illa
440 3641 560 3713 precatio
571 3651 614 3701 est
624 3684 632 3711 ,
644 3661 728 3718 quam
739 3643 872 3703 Sacerdos
883 3644 918 3702 ad
931 3645 1055 3718 singulas
1065 3644 1177 3706 unctio·

125 3737 166 3782 tes
181 3722 313 3796 adhibet,
330 3742 397 3785 cum
411 3729 471 3786 ait:

166 3818 226 3870 Per
242 3817 332 3873 istam
348 3821 481 3876 sancmm
496 3824 681 3892 (lectionem,
698 3825 727 3879 et
736 3839 821 3879 suum
835 3825 1003 3895 piissimam
1014 3825 1178 3881 misericor·

125 3899 216 3973 uma,
230 3903 384 3978 tadalqcot
404 3907 459 3963 tabi
477 3913 616 3967 Dominus
633 3911 774 3985 quidquid
788 3927 846 3985 per
857 3913 964 3982 uiuum,
981 3915 1042 3970 aa'oc
1053 3927 1111 3986 per
1123 3928 1174 3970 aa·

125 3986 229 4061 ΒΜ,
247 3994 303 4050 etc.
317 3992 474 4067 deliquisti.
1264 4004 1267 4009 ’
