2782 4696
415 416 467 480 lili
488 414 752 481 sacramento

168 604 957 736 aararsur

342 836 434 883 atrii
464 834 827 885 Anbltllistttttlnm

454 1008 717 1063 ”Rem

60 1235 199 1328 Sacrum
217 1271 376 1344 baptisma,
393 1267 558 1330 Christiana
574 1270 727 1345 Religionis
749 1279 778 1328 et
797 1278 908 1330 atoma
926 1272 989 1330 vites
1008 1271 1110 1345 janna,

62 1359 139 1433 quod
157 1360 229 1417 inter
248 1360 397 1418 aliamve
418 1360 501 1434 Legis
516 1361 692 1417 Sacramenta
712 1376 729 1416 a
748 1359 858 1418 Christo
880 1360 1033 1428 medium,
1054 1360 1112 1433 pri·

64 1465 141 1506 mum
161 1456 238 1506 tenet
251 1448 364 1517 locum,
384 1449 491 1507 cunctis
502 1448 538 1505 ad
550 1448 669 1506 salutem
686 1448 872 1506 momerium
890 1462 968 1517 esse,
986 1449 1048 1522 ipsa
1061 1449 1115 1505 Ve-

63 1538 132 1594 ritas
149 1544 267 1595 testamr
284 1537 342 1595 illis
353 1537 459 1595 verbis:
476 1540 541 1596 Nisi
557 1540 621 1608 gele
637 1540 756 1594 renone
763 1533 907 1607 seeerltee
918 1552 997 1610 none
1007 1539 1035 1593 ct
1047 1537 1114 1610 Spl·

62 1629 126 1682 riiu
142 1630 268 1696 Saeecio,
285 1643 342 1682 non
354 1630 452 1700 polest
467 1629 590 1683 introire
606 1629 638 1681 in
654 1641 774 1698 regnem
790 1627 854 1682 Dei.
873 1629 937 1693 (Jo.
951 1629 999 1693 t.)
1017 1626 1115 1698 itaque

62 1728 173 1770 summa
191 1713 228 1772 ad
249 1714 322 1772 illud
339 1723 512 1788 opportune,
534 1713 639 1787 riteque
655 1712 906 1771 administrandum
917 1711 1115 1786 acsnscipien·

62 1800 132 1859 dum
150 1802 295 1877 diligentia
317 1802 475 1861 adhibenda
496 1810 546 1860 est.

117 1891 189 1948 Cum
208 1899 302 1947 autem
318 1889 354 1947 ad
365 1891 418 1948 boc
428 1892 639 1948 Sacramentum
656 1888 855 1947 conferendam
867 1888 922 1946 alia
934 1886 1036 1946 sintde
1047 1887 1116 1946 inre

64 1977 160 2036 divino
181 1979 307 2037 absolute
326 1979 498 2047 necessaria,
518 1986 551 2035 ut
566 1977 697 2048 materia,
713 1977 823 2047 forma,
841 1976 987 2046 miniatem
1006 1976 1061 2035 alin
1078 1974 1116 2035 ad

63 2065 142 2122 iliius
162 2066 366 2124 solemnitatem
384 2066 561 2139 pertineant,
579 2072 613 2122 ut
629 2064 728 2134 Ritus,
740 2081 773 2123 ac
785 2064 982 2132 commoni&
1000 2078 1071 2138 quas
1083 2079 1116 2122 ex

63 2154 225 2225 apostolice
243 2162 271 2212 et
288 2154 481 2227 antiquissima
498 2153 647 2211 traditione
664 2161 788 2228 acceptas
805 2162 835 2211 et
850 2153 1034 2227 approbatas,
1060 2151 1115 2211 nisi

64 2242 237 2298 necessitatis
256 2257 374 2310 caussa,
398 2241 525 2299 omittere
542 2257 600 2298 non
615 2241 698 2310 licet3
712 2241 748 2298 de
759 2242 795 2300 iis
808 2242 902 2316 eliqua
920 2238 1115 2315 praemonenda

64 2336 152 2396 simi,
174 2337 207 2384 ut
223 2345 334 2386 sacrum
354 2329 407 2386 boc
426 2328 611 2387 ministerium
626 2331 679 2386 rite
696 2337 725 2386 et
739 2337 833 2388 saneto
852 2337 1008 2404 peragatur.

389 2510 428 2552 lili
452 2510 597 2558 tla'rllttta
625 2510 787 2555 ear't'lsltl.

66 2631 100 2727 Α
115 2692 130 2732 c
148 2679 269 2750 primum
286 2677 425 2751 intelligat
441 2678 596 2747 Perochus,
619 2694 684 2735 cum
703 2676 787 2751 bojas
806 2677 976 2737 sacramenti
1002 2683 1118 2740 metens

67 2767 105 2823 sit
127 2784 199 2841 aqna
222 2783 285 2825 vere
307 2783 341 2823 ac
365 2767 516 2836 naturalis,
533 2767 641 2824 nullum
665 2766 753 2825 alium
777 2766 913 2840 liquorem
930 2765 967 2824 ad
988 2767 1017 2825 id
1035 2768 1118 2828 adhi-

67 2854 128 2913 beri
141 2872 230 2929 posse.

120 2948 202 3018 Aqua
218 2959 282 3002 vero
299 2945 432 3002 solemnis
449 2944 584 3017 Baptismi
596 2943 634 3001 sit
649 2959 682 3002 eo
693 2959 768 3002 anno
787 2942 933 3002 benedicta
950 2943 981 3002 in
998 2944 1119 3007 Sabbnto

67 3035 170 3091 Sancto
197 3033 338 3091 paschatis
353 3075 361 3101 ‚
380 3033 421 3090 vel
440 3032 559 3090 sabbato
577 3035 770 3103 Pentecostes‚
789 3047 853 3106 qua
871 3030 993 3093 insonte
1013 3034 1120 3094 mundo

66 3121 158 3179 nitida
175 3130 203 3180 et
220 3138 289 3196 pura
310 3121 459 3196 diligenter
480 3129 674 3190 conserventu
695 3129 724 3179 et
740 3121 800 3180 berc
816 3121 930 3194 quando
946 3137 1017 3180 nora
1033 3122 1120 3182 bene·

67 3210 185 3269 dicenda
195 3219 254 3279 est,
265 3212 295 3268 in
303 3211 451 3279 Ecclesiae,
463 3211 505 3267 vel
516 3210 608 3283 potins
618 3209 774 3283 baptisterii
785 3210 936 3267 sacrarium
947 3209 1118 3270 effrindetnr.

121 3300 150 3356 si
164 3316 234 3373 aqna
245 3299 391 3357 benedicta
402 3308 460 3356 tam
471 3299 617 3358 imminuta
634 3301 680 3367 sit,
694 3306 727 3356 ut
739 3299 834 3357 minus
846 3297 972 3356 sufficere
983 3299 1119 3368 rideatur,

69 3388 125 3443 alia
142 3404 200 3444 non
218 3387 361 3445 benedicta
380 3386 524 3444 admisceri
543 3393 650 3459 polest,
669 3387 700 3443 in
718 3386 819 3444 minori
842 3393 936 3443 umen
953 3388 1119 3459 quantitate.

121 3474 151 3530 Si
165 3490 227 3532 vero
240 3482 369 3548 corrupta
381 3474 479 3544 fuerit,
492 3482 542 3531 ant
553 3473 700 3541 effluxerit,
711 3482 760 3531 aut
771 3474 868 3547 quovis
881 3473 964 3531 modo
975 3472 1121 3542 defecerit,

68 3561 212 3619 Parecbus
224 3554 371 3619 insontem
388 3562 460 3619 bene
478 3560 643 3619 mundatum
660 3577 692 3618 ac
708 3558 845 3633 nitidum,
867 3568 1007 3619 recentem
1019 3576 1122 3635 agnam

68 3647 202 3705 infundat
219 3692 228 3719 ‚
248 3665 366 3724 eamque
383 3649 528 3708 benedicat
545 3666 578 3706 ex
595 3648 734 3719 formula,
752 3664 816 3723 quae
833 3647 906 3706 inira
924 3648 1119 3723 praecribitur.

122 3735 176 3792 Sed
193 3736 217 3794 si
237 3753 309 3810 aque
328 3737 499 3811 conglaciato
520 3737 578 3803 sit,
599 3744 727 3806 curetur,
743 3744 777 3794 ut
795 3736 940 3810 liquebat:
962 3735 1008 3793 sin
1029 3743 1122 3795 numm

68 3839 104 3880 ex
120 3833 198 3897 parte
217 3825 361 3899 congelata
381 3826 440 3894 sit,
457 3832 505 3883 aut
521 3824 641 3882 nimium
659 3824 783 3899 frigida,
801 3826 902 3900 poerit
918 3840 1019 3899 parum
1043 3838 1123 3899 aquic

70 3914 209 3971 namralis
226 3931 283 3971 non
301 3914 454 3973 benedicte
471 3913 619 3972 calefacere
631 3955 640 3983 ‚
654 3922 682 3971 et
694 3913 847 3972 admiscere
866 3928 946 3988 aquai
964 3912 1123 3986 bapdsmeli

69 4000 103 4056 in
119 4001 232 4059 rascrrlo
252 4002 287 4059 ed
306 4003 335 4060 id
356 4011 471 4077 parato,
492 4009 569 4060 etse
586 4000 720 4075 tepefacta
739 4000 775 4060 ed
792 3999 989 4075 baptizandum
1006 3999 1069 4070 uti,
1087 4015 1123 4058 ne

69 4099 169 4148 noceat
186 4089 334 4148 infantulo.
