2782 4696
173 243 209 290 ιν

131 376 141 395 ·
240 326 415 407 Tenores
427 342 557 406 autem
569 342 867 405 memoratarum
883 328 1103 407 litterarum
1113 347 1222 425 sunt,

171 434 242 620 'fini
270 450 505 542 sequuntur.
528 433 587 509 Ac
605 433 773 539 primum
793 432 954 539 quidem
974 463 1049 541 pro
1067 435 1227 514 Rituale

120 554 128 571 ⁸
207 566 365 620 omuno.

240 647 393 724 Plutus
419 645 523 721 Para
550 641 601 720 V.
645 643 702 720 ud
722 672 798 751 per
823 661 959 722 etnam
994 643 1050 722 rei
1084 672 1227 725 memo·

173 751 291 831 riam.
323 749 560 856 Apostolicae
579 745 670 828 Sedi
687 768 762 870 per
826 749 1058 830 undantiam
1071 750 1227 831 Divinae

197 856 323 953 ratiae,
339 855 457 934 nullis
474 853 781 962 suffragantibus
805 856 975 952 meritis,
994 857 1223 963 praepositi,

169 886 322 1043 Nostrae
335 957 608 1040 sollicitudinis
626 987 709 1038 esse
722 960 1054 1068 intelligimus,su
1106 961 1227 1040 runi·

169 1095 319 1149 versam
330 1069 503 1145 Domum
515 1066 589 1144 Dei
602 1067 655 1144 ita
669 1064 911 1172 invigilando
924 989 1156 1162 intenddere,
1178 1084 1226 1146 ut

169 1172 408 1280 opportunis
424 1171 467 1248 in
486 1168 569 1250 dies
582 1172 701 1277 magis
713 1171 933 1250 rationibus
947 1171 1222 1278 provideatur,

170 1299 282 1387 quo,
325 1279 427 1356 sicut
461 1273 646 1356 admonet
672 1277 910 1383 Apostolus,
940 1278 1072 1356 omnia
1106 1279 1225 1357 inea

169 1385 355 1480 honeste,
385 1399 425 1460 et
451 1380 669 1461 secundum
702 1380 882 1461 ordinem
912 1382 1043 1477 fiant,
1113 1386 1223 1463 raeci·

168 1516 249 1597 pue
275 1515 370 1567 vero
400 1514 488 1594 quac
509 1488 712 1607 pertinent
730 1485 780 1566 ad
798 1488 978 1567 Ecclesiae
996 1491 1068 1567 Dei
1082 1412 1224 1568 Nacra-

168 1614 390 1673 mentorum
416 1590 816 1688 admmistrationem,
853 1596 894 1671 in
929 1622 1009 1700 qua
1043 1596 1224 1701 religiose

168 1699 369 1778 observari
390 1698 626 1804 Apostolicis
656 1696 966 1793 traditionibus,
1002 1716 1041 1777 et
1063 1698 1121 1778 Ss.
1155 1701 1225 1778 Pa·

168 1822 274 1883 trum
300 1804 476 1883 Decretis
494 1805 729 1882 constitutos
755 1805 868 1883 Ritus
894 1824 933 1883 et
960 1805 1227 1885 Caeremonias

168 1939 244 2018 pro
263 1911 395 1989 Nostri
414 1909 533 1987 ollicii
544 1908 679 1988 debito
692 1937 830 1989 curare
845 1911 1008 1989 omnino
1023 1930 1221 1990 tenemur.

168 2015 437 2117 Quamobrem
464 2013 527 2092 fel.
549 2042 627 2094 rec.
650 2015 742 2093 Pius
760 2017 866 2136 Papa
884 2014 935 2092 V.
955 2014 1226 2096 Praedecessor

168 2137 326 2215 noster,
356 2120 474 2226 hujus
492 2119 625 2199 Nostri
644 2140 741 2199 tunc
759 2119 828 2199 Sur
845 2121 966 2201 ollicii
980 2149 1149 2220 memor,
1171 2121 1225 2201 ad

167 2224 448 2307 restituendam
486 2253 684 2304 sacrorum
715 2228 876 2305 Rituum
906 2227 1224 2307 observationem

168 2334 210 2411 in
228 2349 475 2412 sacrosancto
493 2331 616 2410 Missae
633 2331 858 2429 Sacrificio,
888 2333 1106 2440 divinoque
1123 2333 1226 2412 Offi-

166 2439 230 2517 cio
249 2502 258 2534 ,
280 2457 319 2516 et
340 2439 455 2517 simul
472 2454 516 2516 ut
538 2439 738 2517 Catholica
756 2439 924 2539 Ecclesia
942 2440 985 2516 in
1004 2438 1114 2519 Fidei
1133 2440 1225 2518 uni-

168 2560 269 2642 tate,
299 2573 344 2623 ac
371 2545 446 2623 sub
474 2572 556 2622 uno
585 2544 725 2622 visibili
752 2545 880 2649 capite
916 2543 959 2622 Β.
995 2546 1101 2623 Petri
1138 2573 1225 2623 suc-

168 2677 320 2729 cessore
357 2652 535 2729 Romano
572 2649 763 2727 Pontifice
799 2668 1060 2757 congregata,
1094 2679 1224 2729 unum

198 2755 359 2836 sallendi
395 2773 434 2834 et
473 2753 614 2834 orandi
652 2753 860 2852 ordinem,
899 2774 1093 2863 quantum
1129 2784 1224 2834 cum

167 2783 339 2943 Nomino
366 2862 538 2967 poterit,
568 2877 746 2956 teneret,
777 2860 1014 2940 Breviarium
1032 2862 1221 2969 primum,

167 2983 208 3045 et
234 2965 377 3045 deinde
404 2965 555 3045 Missale
582 2968 826 3061 Romanum,
863 2968 988 3046 multo
1022 2966 1154 3046 studio
1184 2987 1224 3048 et

166 3069 370 3178 diligentia
383 3070 582 3150 elaborata
595 3072 783 3151 Pastorali
800 3070 1049 3178 providentia
1067 3071 1224 3152 edenda

163 3176 335 3255 censuit.
366 3176 488 3281 Cujus
515 3177 677 3282 vestigia
700 3177 836 3257 eodem
861 3179 1059 3286 sapientiae
1077 3179 1224 3284 spiritu

168 3298 323 3360 secutus
359 3282 492 3359 similis
524 3283 718 3361 memoriae
757 3285 936 3362 Clemens
972 3286 1077 3391 Papa
1109 3283 1219 3362 Vlll.

167 3387 283 3466 etiam
311 3385 575 3468 praedecessor
592 3388 760 3481 Noster,
790 3418 873 3467 non
900 3389 1027 3468 solum
1058 3389 1224 3494 Episco-

166 3492 253 3598 pis,
283 3510 323 3571 et
350 3492 601 3572 inferioribus
628 3495 807 3572 Ecclesiae
834 3496 1004 3576 Praelatis
1039 3512 1224 3574 accurate

138 3637 140 3641 ·
165 3598 390 3676 restitutum
399 3598 626 3679 Pontificale
640 3598 770 3696 dedit,
788 3597 982 3680 sedetiam
996 3601 1224 3707 complures

166 3701 261 3780 alias
285 3702 329 3782 in
354 3703 655 3784 Cathedralibus
680 3723 720 3784 et
746 3707 999 3786 inferioribus
1036 3707 1224 3785 Ecclesiis

166 3809 416 3887 caeremonias
437 3811 687 3917 promulgato
705 3812 974 3891 Caeremoniali
1001 3812 1219 3892 ordinavit.

167 3911 239 3992 His
266 3914 320 3992 ita
346 3918 592 4015 constitutis,
623 3918 817 4011 restabat,
848 3935 892 3996 ut
918 3947 1001 3997 uno
1019 3919 1135 3996 etiam
1156 3946 1224 3996 vo

165 4017 313 4098 lumine
339 4024 636 4127 comprehensi,
667 4024 766 4101 sacri
783 4041 823 4102 et
839 4026 981 4104 sinceri
1006 4023 1223 4106 Catholicae
