2782 4696
285 227 343 341 μ84
661 261 784 328 ‘liitttnle
807 264 995 327 somonam.

298 393 460 452 ιιιιιιιιιιι
471 395 514 453 Se.
529 395 719 468 sacramenti,
732 395 783 455 abl
793 395 879 455 merit
893 395 1039 463 instituta,
1053 409 1104 455 seu
1117 394 1189 454 alios
1206 395 1269 469 pios
1278 393 1346 454 chri

298 481 336 539 sti
346 480 444 540 fideles
450 485 637 557 ,quisacram
646 483 849 542 Eucharistiam
861 499 926 541 cum
936 484 1039 551 cereis,
1048 483 1262 542 seaintorticiis
1271 483 1348 541 comi·

299 577 412 643 tentur,
423 580 452 629 et
462 573 628 642 umbellam
641 589 690 631 seu
701 573 917 641 baldachrnum
929 572 979 630 ubt
990 572 1086 630 baben
1096 579 1208 646 potest,
1219 568 1346 630 delerant

352 655 546 733 Pammenem,
566 670 600 719 ut
620 663 689 735 aegri
711 660 872 719 cubiculum
895 657 1067 731 mundetur,
1086 668 1116 718 et
1138 661 1169 717 in
1192 675 1228 718 eo
1246 667 1348 734 paretur

300 762 398 805 mensa
415 748 504 807 linteo
521 749 628 807 mundo
646 758 795 823 cooperta,
814 749 845 807 in
861 765 917 823 quo
934 750 978 807 Ss.
997 749 1209 807 Sacramentum
1228 747 1349 806 decenter

301 832 464 909 deponatur.
477 839 793 908 Parenturluminaria,
805 855 838 895 ac
855 836 1053 908 duosascala,
1065 837 1347 903 alterumcumrino,

231 952 234 958 ·
303 924 423 980 alterurn
432 939 496 982 cum
508 942 589 999 aqua.
600 924 735 984 Praeterea
746 925 864 982 linteum
873 925 1010 983 mnndum
1020 932 1084 982 ante
1093 933 1191 998 pectus
1203 923 1349 981 communi·

270 1014 273 1020 “
301 1011 386 1069 candi
400 1023 536 1085 ponamr,
553 1023 637 1087 atque
654 1015 709 1073 alia
723 1014 758 1072 ad
771 1023 901 1072 ornatum
915 1013 988 1083 loci,
1002 1028 1051 1086 pro
1064 1012 1203 1086 cujusque
1215 1011 1347 1069 facultate.

338 1100 395 1158 Ubi
412 1117 477 1159 vcro
496 1103 690 1172 convenerint,
711 1104 760 1176 qui
776 1103 979 1160 Eucharistiam
997 1101 1154 1159 comitaturi
1164 1109 1252 1168 sunt3
1263 1101 1348 1156 Sacer·

290 1185 354 1254 ,dos
371 1186 488 1247 indutus
510 1190 708 1264 superpelliceo
728 1197 757 1246 et
774 1190 864 1261 stola,
882 1197 932 1260 et,
951 1189 1091 1248 sihaberi
1110 1196 1225 1260 potest,
1245 1187 1347 1260 pluvidi

301 1275 692 1354 abieotons‚acotyehie‚
712 1278 915 1349 seuClericis,
939 1279 1092 1336 autetiam
1118 1276 1307 1352 presbyteris
1328 1275 1346 1332 si
1386 1292 1387 1299 ¹

301 1362 381 1422 locus
397 1365 487 1435 feret,
508 1367 706 1441 superpelliceo
723 1368 826 1441 pariter
849 1365 955 1426 ludatis
971 1367 1141 1436 comitatus,
1161 1364 1309 1433 decenter,
1325 1371 1348 1420 ct
1385 1385 1387 1412 τ

302 1449 339 1509 de
351 1467 426 1510 more
436 1462 563 1527 acceptas
581 1455 688 1528 aliquot
696 1455 849 1513 Parnculas
865 1461 1060 1528 consecratas,
1071 1455 1113 1512 vel
1125 1470 1215 1512 unam
1230 1436 1346 1520 mitum,
1385 1484 1387 1526 4

301 1541 329 1599 si
344 1541 474 1615 longius,
493 1551 544 1600 aut
561 1542 702 1601 difficilius
714 1543 767 1600 lter
777 1544 815 1600 sit
826 1541 1004 1615 laciendum,
1023 1543 1133 1617 ponat'
1125 1559 1156 1598 ιι
1175 1541 1295 1618 pyxide,
1306 1555 1346 1598 set

303 1644 386 1703 parva
406 1631 531 1688 nutodia
542 1643 652 1704 ‚quam
672 1631 782 1704 proprio
799 1646 852 1689 ιιο
869 1631 998 1704 operculo
1015 1630 1158 1702 cooperit,
1171 1629 1347 1687 etvelumse·

303 1718 393 1776 ticum
413 1718 640 1792 superimponit:
660 1720 721 1792 ipse
739 1734 804 1776 vero
823 1717 981 1788 Sacerdos,
1002 1717 1133 1791 lmposito
1154 1716 1210 1774 sibi
1228 1713 1347 1790 priusal
1384 1722 1387 1787 s

303 1813 422 1879 unoque
440 1807 555 1865 humero
573 1807 695 1880 oblongo
711 1806 772 1865 velo
790 1806 922 1876 decenti,
938 1815 1057 1880 utraque
1073 1816 1160 1863 manu
1178 1806 1297 1879 accipiat
1309 1816 1387 1862 sas·-

305 1910 371 1952 cum
389 1897 589 1966 sacramento,
603 1895 746 1954 etdeinda
761 1895 937 1965 umbellam,
953 1910 1003 1954 seu
1021 1893 1223 1952 baldachinum
1244 1892 1346 1961 subeat,
1377 1876 1387 1946 i

304 1982 382 2039 nudo
402 1986 490 2056 capite
507 2000 694 2057 processurus.
1378 1984 1387 2055 't

358 2071 499 2127 Praecedat
510 2087 620 2144 semper
631 2072 799 2146 acoluthus
810 2072 854 2130 sel
864 2071 936 2130 altus
947 2071 1073 2130 mlnlster
1082 2065 1349 2129 delerenslatoenan
1378 2076 1387 2169 1

305 2164 410 2228 (ιοιιι
430 2168 524 2216 autern
538 2161 590 2216 hcc
602 2163 811 2218 Sacramentum
828 2159 928 2218 deferri
947 2175 1005 2218 non
1024 2145 1171 2231 debet,
1141 2160 1198 2217 msi
1211 2159 1384 2225 amandu.

280 2239 435 2320 ‘urgeam
457 2257 609 2320 sequantur
627 2248 683 2306 duo
701 2249 821 2320 Clerici,
838 2250 880 2307 vel
903 2250 950 2323 qui
968 2249 1081 2306 illorum
1102 2249 1178 2305 vices
1197 2246 1385 2327 suppleant,¹

306 2348 424 2409 quorum
443 2337 512 2393 alter
529 2354 628 2410 aquam
650 2337 823 2395 benedictam
842 2355 906 2395 cum
927 2338 1099 2410 aspersorio,
1117 2344 1146 2394 et
1162 2336 1279 2394 bursam
1296 2350 1384 2394 eun
1381 2388 1384 2403 ,

306 2425 466 2498 corporali,
487 2426 567 2498 quod
585 2427 796 2498 supponendum
817 2428 869 2484 erit
885 2428 995 2485 vasculo
1017 2428 1060 2484 Ss
1083 2427 1259 2484 Sacramenti
1280 2441 1351 2499 supa
1381 2416 1387 2513 1

308 2531 403 2572 mensa
417 2515 586 2572 incubiculo
605 2516 732 2585 infirmi,
746 2525 848 2573 etcum
865 2516 980 2574 linteolo
998 2515 1187 2589 purificatorio
1204 2514 1242 2573 ad
1260 2514 1351 2589 digitu
1381 2516 1387 2607 1

307 2602 462 2660 Sacerdotis
477 2602 695 2674 abstergendos3
716 2605 785 2660 alter
802 2605 878 2660 bunc
899 2602 1002 2660 librum
1021 2602 1162 2659 Ritualent
1186 2601 1313 2674 deierat,
1329 2607 1387 2685 et=

271 2745 276 2754 ,
308 2689 502 2761 campanulam
519 2690 624 2763 jugiter
641 2691 741 2762 pulset.
761 2689 915 2747 Succedunt
926 2689 1025 2748 deinde
1038 2688 1194 2748 descrentes
1210 2672 1387 2773 interficit}

308 2781 451 2836 Postremo
467 2779 601 2837 Sacerdos
619 2781 828 2837 Sacramentum
845 2787 957 2852 gestans
975 2779 1111 2837 elevatum
1122 2786 1190 2836 ante
1202 2776 1350 2853 pectussub

308 2866 451 2936 umbella,
470 2866 565 2925 dicans
580 2868 722 2925 Psalmum
740 2871 895 2937 Miserere,
910 2876 939 2924 et
949 2867 1019 2924 alios
1040 2866 1167 2924 Psalmos
1177 2908 1187 2938 ‚
1199 2872 1229 2924 et
1239 2866 1348 2925 santia

362 2955 487 3027 Quodsi
505 2956 634 3029 longius,
653 2963 702 3013 aut
717 2954 858 3012 difficilius
875 2955 929 3012 iter
946 2953 1106 3012 obeundum
1125 2955 1182 3025 sit,
1201 2963 1230 3013 ct
1248 2953 1348 3012 fortastt

310 3044 394 3100 etiam
412 3044 613 3116 equitandum,
627 3061 737 3102 necesse
748 3045 800 3101 crit
812 3060 859 3101 vas
871 3087 880 3113 ‚
893 3045 923 3101 in
934 3060 989 3118 quo
1000 3045 1211 3101 Sacramentum
1222 3043 1345 3108 defertu.

309 3130 395 3188 bursa
414 3129 541 3188 decenter
558 3141 676 3202 ornata,
694 3131 776 3188 etad
794 3132 898 3189 collum
919 3148 1059 3205 appensa,
1077 3140 1141 3204 apta
1158 3130 1345 3200 includerent

310 3218 350 3275 ita
367 3218 404 3276 ad
421 3228 516 3291 pectus
532 3221 664 3293 alligare,
683 3219 766 3293 atque
786 3221 976 3294 adstringere,
993 3229 1026 3279 ut
1042 3236 1133 3295 neque
1153 3219 1280 3280 decidere
1290 3262 1299 3290 ‚
1310 3231 1345 3276 ιο·

311 3323 365 3380 que
387 3307 485 3382 pyxide
508 3311 596 3367 excuti
613 3311 821 3367 Sacramentum
838 3317 931 3383 queat

386 3458 568 3540 ingrediens
588 3474 664 3520 vero
688 3453 812 3536 locunt,
835 3450 888 3519 uhi
907 3449 992 3536 jacet
1011 3450 1153 3517 iutirntus
1172 3451 1273 3518 dieat:

384 3561 419 3639 ti·
441 3579 507 3642 Pax
521 3574 597 3641 huic
612 3574 733 3641 dbmui.

383 3674 421 3755 a).
436 3684 476 3747 Et
498 3682 645 3748 bmnibus
663 3681 883 3748 habitantibus
899 3681 934 3747 in
955 3700 1005 3747 ea.

383 3778 463 3861 Tum
486 3775 666 3858 depositum
685 3775 919 3839 Sacramentum
936 3788 1032 3855 super
1051 3787 1176 3853 mensa,
1199 3763 1342 3852 supposito

318 3880 499 3964 corporali,
525 3880 708 3964 genuflexus
732 3880 862 3962 adorat,
882 3876 1076 3942 omnibusin
1097 3892 1201 3960 genua
1214 3882 1344 3961 procum·

317 3987 485 4056 bentibus:
512 3995 544 4051 et
563 4005 637 4050 mox
658 3993 789 4070 accepta
811 4002 892 4069 aque
911 3982 1098 4068 benedicto,
1121 3982 1257 4067 aspergit
1275 3973 1346 4044 intr·

319 4111 425 4165 tuum,
444 4099 477 4156 cl
490 4092 691 4173 curbiculutn,
710 4092 815 4158 dicens
830 4113 837 4154 2
