2812 5070
448 285 494 346 llo
516 268 713 346 Sacranmnto
738 279 939 342 Matrimonii.
1153 283 1211 345 221

221 409 252 467 Si
271 425 336 468 reru
350 409 412 477 vir,
432 415 461 466 et
479 407 579 466 mulier
600 406 740 465 Paroclu'ae
757 407 815 464 siut
832 405 961 475 diversa,
983 407 1012 463 in
1029 415 1147 480 utraque
1164 411 1216 466 Pa-

167 491 265 556 rucbia
280 500 351 557 liant
367 497 608 557 denuntiationes:
622 497 723 570 quibus
739 496 995 554 denuntiationibus
1004 496 1102 565 lacus,
1115 498 1139 554 si
1152 500 1217 556 nul·

168 585 230 644 lum
248 587 404 661 legitimum
421 594 578 660 apponatur
596 584 849 657 impedimentum,
871 583 906 641 ad
925 585 1135 642 celebrationem
1157 589 1218 644 Ma·

169 673 296 732 aimonii
304 674 477 749 procedatur.
489 673 545 732 Sed
553 675 578 730 si
586 673 654 746 quid
664 673 770 740 obstat,
781 673 855 730 ultra
866 672 1005 729 Parocbus
1013 689 1070 730 non
1080 673 1217 746 procedat.

223 762 304 834 Quod
316 763 342 819 si
354 763 506 836 aliquando
517 761 668 835 probabilis
679 760 764 818 fuerit
779 761 918 833 suspicio,
932 760 973 816 vel
984 760 1038 819 alia
1048 763 1221 820 rationabilis

170 865 255 908 causa
272 851 385 920 subsit,
403 852 516 910 arbitrio
534 852 662 925 Episcopi
682 893 691 920 ,
711 850 921 907 Matrimonium
939 851 1076 908 malitiose
1093 851 1220 926 impediri

171 954 271 1011 posse,
285 942 309 998 si
322 949 365 998 tot
374 943 563 1015 praoessennt
576 940 800 998 denuntiationes
813 946 881 995 tunc
893 938 927 997 dc
937 939 1050 997 licentia
1061 941 1220 1012 ordinarii,

170 1028 215 1086 rel
231 1045 289 1086 uua
305 1037 414 1086 tannim
436 1030 484 1088 liat
502 1029 690 1097 denuntiatio,
709 1028 751 1084 vel
773 1028 871 1085 saltem
886 1029 1031 1097 Parocbo,
1051 1029 1220 1099 aldeabus,

174 1116 218 1174 rel
237 1117 326 1174 tribus
345 1118 462 1175 testibus
483 1117 683 1190 presentibus,
704 1115 914 1173 Matrimonium
936 1117 1097 1175 celebretur.
1115 1119 1222 1177 Deinde

170 1213 240 1263 ante
263 1205 341 1263 illius
359 1206 625 1267 consummationem
648 1204 870 1263 denuntiationes
886 1205 918 1261 in
938 1205 1061 1264 Ecclesia
1078 1208 1147 1264 liant
1164 1226 1171 1262 :
1190 1217 1223 1265 ut

171 1293 199 1349 ai
220 1293 315 1367 aliqua
333 1293 453 1352 subsunt
469 1293 667 1367 impedimenta
684 1293 794 1351 facilius
807 1292 989 1365 detegantur,
1003 1295 1058 1351 nisi
1076 1296 1158 1353 aliter
1170 1297 1223 1353 Or·

171 1379 302 1440 dinamus
319 1383 377 1455 ipse
394 1382 521 1455 expedire
534 1382 710 1456 judicaveris

227 1472 287 1528 Mas
308 1480 402 1528 autem
426 1471 651 1530 denuntiationes
672 1471 813 1529 Parochus
830 1471 920 1529 lacere
941 1487 999 1529 non
1025 1473 1223 1546 aggrediatur,

171 1557 229 1616 ani
239 1558 316 1633 prius
327 1558 513 1633 deutriusque
521 1560 709 1618 contrahentis
717 1560 805 1618 libero
814 1575 950 1617 consensu
959 1560 1012 1617 sibi
1023 1560 1093 1618 bene
1106 1570 1223 1619 constat.

228 1646 259 1703 Si
273 1663 338 1704 varo
355 1647 427 1705 intra
443 1647 514 1706 duos
532 1664 641 1706 manses
658 1657 721 1722 post
739 1647 826 1706 factm
844 1646 1067 1706 denuntiationes
1084 1650 1226 1706 Matrimo-

173 1732 256 1790 nium
276 1750 332 1791 non
350 1738 549 1807 contrahatur,
568 1736 794 1794 denuntiationes
808 1743 986 1808 repetantur,
1000 1736 1055 1793 uisi
1068 1736 1149 1793 aliter
1159 1738 1226 1809 Epi·

172 1835 259 1895 acopo
279 1821 414 1882 videatur.

228 1913 462 1973 Denuntiationes
476 1923 571 1972 autem
584 1915 652 1972 liant
663 1915 716 1971 lroc
730 1914 822 1971 modo.
836 1915 912 1971 Inter
926 1914 1074 1972 Missurum
1091 1914 1227 1972 solemnia

175 2000 319 2058 Parocbus
335 2004 471 2076 populum
489 2002 637 2060 admoneat
649 2005 680 2059 in
692 2004 764 2060 banc
781 2002 946 2061 sententiam
966 2002 1072 2075 vulgari
1088 2018 1226 2061 sermone.

231 2093 338 2146 Notum
349 2095 390 2146 sit
399 2093 527 2148 omnibus
537 2092 780 2164 suprascr-attia
789 2133 799 2161 ,
809 2090 885 2163 quod
893 2096 929 2148 N.
940 2094 1004 2162 uir,
1014 2095 1044 2147 et
1054 2096 1090 2148 N.
1103 2091 1208 2147 multer
1217 2115 1228 2162 ,·

177 2192 216 2234 ea·
227 2177 301 2247 tali,
312 2179 358 2234 oet
370 2181 424 2235 tali
427 2178 569 2251 familia,
588 2184 625 2236 et·
632 2180 797 2249 Pometia,
809 2183 868 2236 Deo
881 2180 1039 2253 educante
1053 2222 1061 2247 ,
1080 2181 1230 2236 intertduut

177 2268 257 2321 inter
272 2282 303 2322 se
324 2269 496 2324 contradere
520 2272 749 2325 Matrimonium.
775 2268 900 2324 Proinde
926 2268 1110 2324 admmismus
1135 2285 1231 2324 omues

178 2356 210 2410 et
225 2355 372 2426 stapulas,
392 2361 426 2412 ut
443 2361 470 2412 sl
489 2361 552 2430 quia
571 2360 684 2413 nouerit
701 2357 819 2428 aliquod
838 2360 1095 2429 causasquiaitatia
1103 2399 1113 2427 ,
1125 2358 1171 2413 oet
1183 2354 1229 2427 qs·

171 2441 324 2515 finitatis,
344 2449 397 2501 aut
414 2450 591 2519 evocationis
610 2447 790 2518 spiritualis,
809 2445 855 2502 oei
874 2446 992 2517 quodvis
1009 2445 1092 2521 aliud
1108 2444 1231 2518 impedi·

178 2535 308 2589 mmmm
319 2537 395 2589 inter
406 2551 451 2591 eos
462 2551 537 2604 esse,
550 2534 626 2606 quod
636 2538 856 2591 Matrimonium
873 2535 1098 2590 contrabendum
1111 2538 1232 2590 inermem

180 2620 347 2692 impediat,
366 2622 441 2678 titud
458 2627 672 2695 quamprimum
691 2624 771 2678 nobis
790 2623 961 2678 denuntiare
987 2620 1111 2690 debeat,·
1132 2625 1162 2677 et
1179 2622 1233 2677 troc

181 2708 369 2765 admouemats
377 2714 497 2782 primo,
510 2711 533 2768 si
546 2709 632 2767 fuerit
642 2712 730 2783 prima
740 2731 747 2778 ;
759 2710 801 2767 vel
810 2709 932 2766 secundo
942 2752 951 2778 ,
963 2709 986 2766 si
998 2708 1082 2765 luerit
1092 2708 1231 2777 secunda3

181 2795 225 2852 sel
244 2800 348 2866 tertio,
367 2798 390 2854 si
408 2796 494 2854 fuerit
511 2799 590 2854 tertia
609 2798 793 2855 denuntiatio.

236 2885 350 2941 Maneat
365 2887 505 2943 Parocbus
518 2887 650 2960 conjuges
663 2929 671 2955 ,
682 2894 715 2944 ut
726 2895 790 2943 ante
801 2885 1021 2943 benedictionem
1031 2882 1235 2941 Sacerdotaiem

183 2971 216 3028 in
238 2973 343 3046 templo
364 2973 588 3047 suscipiendam,
609 2977 639 3032 in
658 2974 753 3032 eadem
774 2973 857 3032 domo
871 2991 928 3031 non
947 2972 1126 3041 cohabitent,
1146 2989 1235 3045 neque

183 3061 395 3118 Matrimonium
406 3074 613 3133 consumment,
622 3080 675 3122 nac
684 3064 767 3122 etiarn
776 3064 859 3120 simul
869 3069 1017 3129 maneant,
1031 3061 1085 3118 nisi
1097 3061 1236 3133 aliquibus

183 3150 366 3223 propinquis,
392 3152 434 3208 rel
459 3152 521 3208 aliis
546 3151 747 3231 praesentibus3
773 3167 835 3225 quta
860 3149 1014 3208 benedictio
1032 3166 1048 3206 a
1065 3149 1145 3205 nullo
1162 3149 1236 3216 aiio,

184 3252 271 3310 quam
289 3238 325 3295 ab
344 3240 405 3312 ipso
423 3241 569 3311 Parocbo,
587 3257 636 3297 seu
655 3239 691 3297 ab
709 3240 765 3297 alio
782 3238 928 3297 Sacerdote
948 3237 982 3295 de
1000 3237 1091 3311 ipsius*
1105 3237 1236 3306 Parochi,

185 3328 228 3384 rel
250 3327 390 3386 Ordinarii
411 3330 542 3398 licentia,
566 3330 626 3386 lieri
645 3328 735 3387 debet.

240 3418 341 3474 Caveat
359 3418 443 3474 etiarn
462 3418 621 3487 Parocbus,
640 3416 805 3490 nequando
823 3417 955 3489 conjuges
973 3417 1002 3471 in
1020 3416 1116 3488 primis
1134 3414 1239 3487 nuptiis

185 3503 409 3562 benedictionem
428 3507 602 3577 acceperint,
621 3521 667 3563 eos
679 3505 708 3562 ia
720 3505 849 3562 secundis
866 3503 1013 3562 benedicat
1026 3545 1034 3572 ,
1046 3505 1103 3561 sive
1121 3503 1238 3569 muller,

185 3592 243 3651 sire
254 3595 338 3650 etiarn
350 3593 390 3650 vir
407 3592 443 3650 ad
456 3594 593 3652 secundas
613 3595 725 3666 nuptias
746 3601 875 3650 transeat.
898 3591 952 3649 Sed
970 3591 1020 3649 ubi
1038 3607 1069 3647 ea
1086 3592 1159 3663 riget
1172 3606 1240 3647 con·

186 3681 326 3750 suetudo,
343 3690 376 3738 ut
392 3684 416 3739 si
433 3683 535 3740 mulier
552 3684 657 3740 nemini
675 3698 808 3755 umquam
826 3682 970 3754 nupserit,
983 3679 1090 3737 etiarnsi
1101 3678 1143 3734 vir
1155 3679 1240 3735 aliam

187 3785 302 3826 uxorem
321 3771 470 3838 babuerit,
492 3772 595 3844 nuptia
612 3770 832 3838 benedicantur,
853 3785 884 3826 ea
904 3766 1036 3826 servanda
1054 3775 1105 3823 est.
1125 3765 1179 3822 Sed
1200 3767 1241 3849 ¹vi·

188 3855 252 3914 duae
276 3859 389 3932 nuptias
411 3875 468 3916 noa
491 3859 661 3926 benedicat,
686 3859 794 3917 etiamsi
815 3859 874 3931 eius
895 3858 936 3914 vir
952 3872 1106 3929 numquam
1128 3870 1242 3913 uxorem

188 3944 308 4004 duxerit.

242 4037 454 4093 Matrimonium
474 4038 504 4092 in
522 4037 644 4095 Ecclesia
665 4038 782 4095 maxime
800 4035 931 4093 celebrari
945 4032 1039 4092 decet:
1058 4032 1148 4090 sedai
1167 4031 1243 4089 domi

188 4123 360 4184 celebratum
381 4125 465 4184 luerit
486 4135 619 4199 pruscam
639 4127 763 4185 Parocbo
781 4134 808 4184 et
820 4123 951 4194 testibus,
973 4122 1068 4196 sponsi
1086 4121 1197 4182 ueniunt
1209 4118 1244 4177 ad
