2812 5070
421 276 507 339 Ordo
534 278 816 342 ecnnnendniinnis
840 281 958 341 nisienn.
1151 275 1211 339 137

155 405 189 463 et
200 398 237 464 in
247 397 344 464 horto
356 399 597 464 monumentum
609 414 728 463 nevum
740 445 750 480 ,
763 398 796 461 in
808 416 874 481 quo
886 398 1031 463 nondum
1045 398 1212 482 quicquum

155 506 282 589 pcsims
300 513 379 570 emt.
397 505 446 570 Ibi
458 523 535 588 ergo
553 512 686 590 propter
705 505 900 570 Parasoeven
921 503 1121 587 Judoedrum,
1137 505 1213 590 quie

155 609 247 694 juxis
265 618 336 676 erut
356 613 618 695 monumentum,
636 613 812 697 posuerunt
825 613 945 676 Jesum.

232 717 342 782 Omiio
363 717 403 781 ad
423 719 592 781 Dominum
617 720 724 782 Jesnni
749 719 907 783 Chrisium
932 718 971 781 de
991 720 1120 803 singulis
1138 724 1214 786 arii-

164 823 243 887 culis
256 826 412 889 Passionis
426 823 510 906 ejus,
528 824 660 890 dicende
674 845 692 889 n
707 827 880 903 moriente,
897 827 947 889 ecl
962 826 1001 889 ab
1014 827 1075 890 elio
1087 846 1146 909 pen
1161 847 1210 891 ee».

231 927 268 1002 p.
282 926 462 991 Aderimus
483 931 538 1009 te,
561 925 705 1007 Christe,
726 930 760 991 et
780 923 998 991 benedicimus
1016 925 1088 991 tibi.

229 1040 269 1123 ip.
283 1033 365 1113 Quia
380 1051 441 1116 per
456 1039 596 1097 sanctam
611 1033 745 1098 Crucem
762 1039 851 1097 tuum
863 1031 1027 1097 redemIsti
1040 1031 1210 1100 mundum.

238 1157 318 1217 eus,
338 1139 395 1221 qui
415 1156 476 1221 pec
499 1137 718 1222 redemptidne
740 1137 850 1203 mundi
870 1138 999 1203 voluisti
1014 1139 1122 1220 nesci,
1146 1140 1212 1203 cir·

163 1146 399 1322 Dcumcidi‚
416 1244 567 1309 uJudaeis
585 1244 772 1327 mprobiri,
789 1262 807 1308 u
822 1243 905 1309 Jndn
924 1244 1078 1308 truditdre
1100 1244 1211 1309 esculo

156 1349 260 1430 trudi,
283 1351 417 1415 vinculis
438 1351 580 1432 ulligdci,
600 1353 682 1416 sicut
702 1368 801 1432 ugnus
822 1352 974 1415 innocens
993 1350 1035 1415 cd
1054 1352 1213 1416 victimam

157 1455 249 1536 duci,
267 1463 363 1539 atquc
376 1458 598 1540 conspectibus
612 1458 726 1536 Annae,
742 1457 883 1539 (impilm,
898 1457 1011 1537 Pilsti,
1028 1462 1060 1520 et
1076 1453 1213 1521 Herddis

156 1561 340 1627 indecenter
352 1563 478 1644 offerri,
496 1582 516 1627 u
531 1564 619 1629 falsis
633 1563 767 1628 testibus
781 1563 940 1643 escensuri,
956 1563 1091 1644 flagellis
1105 1569 1138 1626 et
1153 1581 1214 1646 op-

156 1668 297 1751 prdbn'is
316 1670 444 1749 semsi,
464 1671 564 1753 sputis
585 1671 739 1753 conspui,
761 1669 859 1753 spinis
881 1670 1049 1750 cononici,
1070 1669 1213 1753 cdluphis

157 1773 233 1840 cedi
249 1821 259 1854 ‚
278 1774 432 1839 uuimdine
448 1777 596 1859 percuti,
617 1777 697 1841 facie
713 1777 834 1857 veleri,
852 1773 992 1840 vestibus
1012 1775 1102 1855 exui,
1125 1776 1213 1840 cenci

157 1881 254 1946 clusis
271 1879 375 1962 affigi,
392 1883 426 1945 in
440 1900 535 1947 cmce
549 1882 648 1947 leviri
664 1929 674 1963 ,
690 1884 773 1946 inter
789 1882 929 1947 lntrdnes
948 1881 1095 1965 deputdri
1110 1927 1119 1962 ,
1136 1881 1212 1946 selle

157 1993 188 2051 ct
203 1988 297 2051 scete
312 1989 442 2069 poturi,
458 1995 491 2052 et
505 1989 613 2052 lancea
627 1988 800 2053 vulnerdm.
820 1989 885 2068 Tu,
905 1988 1060 2068 Domine,
1080 2005 1139 2070 per
1154 1987 1213 2052 hus

157 2092 367 2156 sanctissimas
385 2111 492 2176 poenns
509 2099 599 2174 tuus,
617 2113 696 2177 quas
713 2111 774 2176 ego
790 2093 937 2176 indignus
954 2093 1060 2158 recolo
1076 2139 1085 2174 ,
1104 2099 1136 2157 et
1152 2110 1210 2177 per

156 2205 296 2263 uncum
310 2217 436 2263 cmcem
451 2207 484 2265 et
500 2207 636 2265 mortem
655 2208 759 2282 tuum,
775 2200 876 2264 libem
890 2219 962 2281 me,
985 2202 994 2279 (
1014 2199 1080 2280 sel,
1096 2202 1120 2264 si
1137 2200 1215 2266 eiius

168 2298 245 2364 dieii
269 2319 328 2383 pen
351 2305 518 2371 celibem
538 2306 692 2371 famulum
716 2314 807 2371 tuum
835 2308 885 2386 N.)
907 2325 926 2370 a
947 2306 1048 2389 poenis
1070 2304 1210 2384 infimi,

157 2413 189 2472 ct
201 2408 379 2492 perducere
395 2410 554 2492 digneris,
574 2431 638 2495 quc
654 2407 835 2495 perduxisti·
845 2412 1003 2476 istudnem
1018 2418 1124 2475 tecum
1139 2429 1212 2475 cru·
1320 2448 1323 2455 Α

157 2513 296 2579 ciiixum.
320 2515 381 2595 Qui
404 2535 478 2581 cum
496 2520 589 2581 Putre
611 2524 644 2581 ct
663 2519 781 2601 Spiritu
806 2519 920 2581 Sancto
943 2516 1023 2579 vivis
1045 2521 1077 2579 et
1099 2532 1214 2596 regnes

158 2620 191 2685 iu
210 2621 326 2686 saecule
348 2622 546 2687 saeculdrum.
572 2624 687 2688 Amen.

332 2831 399 2894 Dici
415 2837 566 2912 preterea
583 2836 716 2912 possunt
736 2838 902 2911 sequentes
925 2833 1051 2896 Psalmi.

570 2937 710 3002 psalmus
740 2941 809 3001 117.

164 3146 409 3314 Confitemini
432 3151 598 3230 Demino,
633 3153 786 3235 queniam
810 3152 941 3218 bonus:
972 3151 1157 3240 *quinium
1179 3155 1214 3221 iu

231 3255 382 3320 seculum
403 3257 618 3322 misenicdrdis
638 3257 716 3341 ejus.

228 3359 321 3424 Dicet
332 3380 417 3426 nunc
432 3363 548 3443 Israel,
565 3364 716 3446 quduium
731 3363 854 3430 bonus:
878 3365 1057 3449 *queniam
1068 3369 1102 3432 in
1115 3386 1213 3434 seecu-
1343 3348 1345 3353 ¹

156 3463 226 3530 lum
248 3467 466 3532 misericerdiu
488 3468 566 3551 ejus.

229 3568 322 3635 Dicet
337 3592 422 3637 nunc
440 3572 554 3639 domus
571 3576 699 3640 Aaron:
732 3575 745 3599 *
763 3580 915 3661 queniam
937 3581 971 3644 in
991 3580 1138 3646 seculum
1155 3583 1215 3645 mi-

159 3676 334 3741 sen'ceirdis
358 3677 437 3761 ejus.

229 3776 346 3846 Dicunt
359 3802 445 3847 nunc
459 3787 515 3869 qui
530 3787 641 3851 timent
656 3789 828 3855 Deminum
842 3811 850 3853 ε
878 3783 1054 3875 *qudniam
1068 3793 1101 3855 in
1118 3811 1214 3858 secu·

155 3884 225 3950 lum
247 3887 463 3954 misencnrdia
485 3889 565 3974 ejus.

228 3984 277 4055 De
303 3994 508 4061 tubulatidne
529 3999 675 4065 invomei
693 4001 885 4067 deinum:
912 3995 969 4066 'et
989 4001 1147 4068 exaudivit
1162 4022 1213 4068 mc

156 4097 191 4161 in
215 4096 383 4164 latitudine
405 4104 572 4169 deinus.
