2812 5070
1012 251 1019 265 ’
1052 295 1110 359 ιιι

328 355 851 487 nnvmmsrrounrrcum

232 572 946 667 lNFlltbllillUlll

485 749 698 807 m

135 944 227 1005 sellus
245 944 278 1003 ln
300 944 397 1019 psim'm
417 941 578 1003 meminisse
598 941 699 1013 debet,
718 957 776 1000 non
797 949 950 1015 postrsmm
969 957 1029 1004 etse
1052 960 1117 1003 mu·

135 1034 199 1094 usui
217 1040 330 1108 partes,
344 1033 545 1108 aegrotantium
556 1047 652 1089 curam
671 1029 781 1089 babere.
800 1032 892 1103 Quare
909 1020 973 1090 cuni
995 1034 1116 1107 primum

135 1122 171 1182 rit
182 1162 193 1192 ,
208 1122 367 1196 quempiam
379 1137 412 1178 ex
424 1118 566 1180 fidelibus
576 1135 651 1178 cure
662 1136 720 1178 suae
731 1120 885 1179 commissis
894 1131 1027 1194 aegrotare
1039 1162 1048 1192 ‚
1059 1138 1117 1181 non

135 1209 218 1271 stabit
233 1218 268 1268 ut
284 1210 320 1268 ad
336 1227 401 1268 eum
419 1218 548 1279 vocetur,
569 1209 618 1267 sed
635 1209 709 1266 ultro
726 1208 762 1267 sd
784 1209 864 1267 illum
882 1210 1015 1280 aooedat3
1033 1211 1118 1287 idque

140 1299 228 1358 semel
245 1307 355 1357 tantum
368 1341 377 1368 ‚
390 1299 439 1357 sed
450 1300 570 1371 saepius,
588 1306 724 1372 quatenus
738 1313 807 1371 opus
823 1297 926 1368 luerit3
938 1300 1118 1374 horuuuque

135 1387 236 1447 rbisles
247 1404 332 1458 suos,
349 1396 383 1444 ut
399 1388 491 1459 ipsum
510 1372 694 1457 admoneant,
714 1402 779 1442 cum
797 1385 918 1459 aliquem
937 1387 967 1445 in
984 1389 1118 1447 Paroobia

135 1485 268 1551 motare
289 1475 457 1549 eontigerit,
477 1476 613 1549 praecipue
631 1476 655 1532 si
675 1474 789 1532 morbus
806 1476 914 1548 gravior
932 1475 1025 1533 fuerit.
1115 1495 1120 1506 ·

135 1563 387 1639 dimidiabit,
413 1564 564 1637 prmsertim
585 1564 616 1620 in
637 1564 737 1636 amplis
765 1564 927 1634 Psrocbiis‚
951 1573 1118 1638 aegrotontm

135 1668 182 1724 m,
198 1669 248 1710 seu
266 1653 425 1726 catalogum
442 1652 560 1720 babere,
572 1659 605 1709 ut
615 1651 749 1725 cnjusqua
766 1660 870 1709 statum
886 1659 915 1709 et
931 1652 1118 1712 conditionem

135 1749 237 1813 meat,
255 1756 407 1814 eorumque
424 1740 586 1798 memoriam
606 1739 715 1823 facilius
736 1741 876 1810 munero,
899 1741 1000 1799 stillis
1017 1758 1119 1816 oppor-

153 1828 299 1891 subvenire
314 1830 409 1902 possit.
1161 1896 1167 1908 ⁶

135 1917 202 1992 μοι
218 1918 241 1975 si
262 1919 403 1975 Porocbus
420 1917 542 1991 legitime
560 1915 724 1991 ἰιιιροιιιιιιι,
746 1916 939 1988 intirmorum,
956 1926 992 1976 ut
1008 1919 1120 1993 quando

176 2014 265 2077 sunt,
285 2006 434 2064 visitationi
455 2005 594 2063 interdum
612 2022 708 2064 vacare
728 2021 787 2063 non
803 2014 912 2079 potest:
932 2007 961 2064 id
979 2016 1120 2083 praestan·

154 2095 265 2153 curabit
285 2111 334 2168 per
352 2095 422 2172 alios
439 2094 621 2166 Sacerdotes,
640 2095 664 2152 si
681 2111 750 2168 quos
766 2095 850 2153 babet
860 2096 891 2153 in
908 2098 1119 2169 Parocbiasua‚

135 2185 230 2243 ιιιιιιιιι
241 2200 291 2257 per
301 2184 387 2241 laicos
405 2185 531 2242 bomines
546 2185 623 2257 pios,
634 2192 663 2242 et
674 2185 823 2242 christiana
834 2185 968 2243 charitate
978 2186 1118 2260 preditos.

135 2275 246 2348 Egrotos
264 2273 400 2344 visitans,
419 2289 451 2330 ea
462 2314 470 2342 ‚
483 2289 538 2346 qua
555 2272 715 2330 Sacerdotes
733 2274 847 2331 Domini
865 2272 962 2344 docet,
974 2275 1120 2336 honestate

135 2362 245 2419 revitate
257 2360 417 2429 schabest,
438 2369 471 2417 ut
490 2377 548 2418 non
565 2361 647 2433 aegris
665 2361 775 2431 solum,
795 2360 844 2418 sed
860 2361 913 2419 sibi
926 2370 954 2420 et
963 2362 1121 2423 domesticis

135 2456 194 2506 oet
210 2448 334 2520 exemplo
352 2449 440 2520 prosit
457 2446 493 2505 ad
509 2448 639 2505 salutem.

135 2538 225 2594 iorum
244 2552 308 2592 vero
325 2536 491 2608 praecipuam
508 2552 603 2592 curam
620 2544 712 2608 geret,
730 2537 778 2608 qui
797 2537 926 2595 humanis
940 2539 1050 2596 auxiliis
1071 2538 1121 2596 ds·

135 2624 177 2696 ti,
195 2624 309 2697 benigni
320 2641 352 2681 ac
363 2623 468 2697 providi
480 2625 602 2682 Pastoris
619 2625 782 2682 charitatem
793 2633 822 2682 et
834 2641 945 2698 operam
963 2628 1120 2700 requirunt.

135 2726 175 2770 us
191 2711 215 2769 si
234 2727 291 2769 non
309 2720 400 2784 potest
417 2714 477 2784 ipse
495 2729 655 2770 succurrere
668 2713 702 2770 de
713 2729 782 2782 suo,
803 2722 831 2770 st
849 2713 1037 2790 eleemosynas
1047 2717 1120 2787 illis,

135 2799 271 2870 adeost,
293 2800 317 2858 si
339 2800 456 2858 facultas
473 2803 613 2873 suppetit,
632 2817 761 2875 erogare,
782 2810 919 2874 quantum
937 2802 996 2861 fleri
1015 2813 1120 2878 potest,

141 2904 192 2962 per
208 2888 368 2960 charitatis,
387 2890 430 2946 vel
447 2889 560 2946 alterius
580 2890 700 2947 nominis
718 2889 976 2949 Confraternitatem
986 2894 1032 2962 ,si
1047 2893 1079 2950 in
1089 2909 1122 2952 aa

135 2985 202 3047 nte,
222 2977 264 3034 vel
283 2978 343 3034 looo
361 2976 466 3047 fuerit,
485 2979 540 3034 siue
558 2993 606 3049 per
623 2978 763 3052 privatas.
782 2981 839 3036 sive
855 2994 904 3051 per
920 2978 1045 3051 publicas
1062 2982 1121 3038 col·

135 3072 196 3123 set
205 3065 392 3140 eleemosynas
402 3106 411 3135 ‚
423 3065 537 3122 illorum
548 3066 756 3123 nscessitatibus
772 3065 989 3123 succurrendum
1003 3067 1121 3126 curabit.

135 3170 156 3212 n
185 3154 282 3227 primis
306 3161 398 3210 autem
425 3154 598 3225 spiritualem
623 3155 818 3227 aegrotantium
847 3171 943 3212 curam
967 3156 1122 3230 suscipiat,

135 3256 237 3315 nmque
256 3240 432 3314 diligentiam,
440 3242 472 3297 in
483 3257 516 3298 so
527 3249 613 3314 ponat
623 3284 631 3312 ‚
643 3248 677 3298 ut
693 3243 723 3298 in
739 3244 812 3299 viam
830 3243 928 3300 salutis
939 3258 986 3301 eos
1002 3243 1122 3318 dirigat,

135 3345 189 3408 sa
206 3328 349 3387 diabolicis
371 3328 478 3386 insidiis
501 3331 666 3388 salutarium
683 3330 908 3404 adjumentorum
933 3332 1061 3406 praesidio
1076 3333 1124 3393 do·

135 3425 181 3488 st,
201 3433 235 3475 se
251 3425 371 3476 euenum.

135 3505 249 3565 tcoednt
275 3515 368 3563 autem
388 3505 425 3563 ad
440 3498 581 3579 'regnotum
602 3508 641 3566 ita
661 3517 773 3582 paratus
790 3551 799 3578 ‚
817 3510 898 3567 utin
915 3519 1045 3585 promptu
1071 3510 1123 3569 ba·

151 3602 315 3668 argumenta
333 3593 369 3650 ad
389 3594 613 3667 persuadendum
631 3605 714 3669 apta,
732 3613 765 3654 ao
785 3598 946 3670 praesertim
958 3599 1124 3656 Sanctorum

135 3682 218 3756 aplet,
237 3697 300 3754 quie
320 3681 472 3755 plurimum
492 3683 606 3740 valent:
629 3683 731 3758 quibus
753 3700 817 3742 eum
839 3685 870 3741 in
887 3685 1007 3742 Domino
1024 3701 1124 3744 conso

135 3786 163 3839 r,
180 3770 300 3841 excitet,
318 3786 351 3827 sc
368 3777 481 3827 recreet.
502 3772 706 3845 murmurque,
725 3779 759 3828 ut
775 3787 885 3829 omnem
903 3788 980 3845 spem
998 3789 1077 3830 suem
1093 3774 1125 3832 ln

147 3864 253 3932 ponat,
272 3865 447 3930 peecatomm
465 3874 579 3918 suorum
597 3860 747 3932 poeniteat,
765 3857 886 3917 divinam
906 3859 1124 3918 misericordiam

135 3943 222 4016 bret,
243 3952 272 4003 et
291 3945 460 4003 infirmitatis
471 3960 581 4019 peones,
596 3954 738 4020 tamquam
759 3955 903 4020 paternam
921 3948 973 4005 Dei
990 3947 1125 4006 visitatio·

135 4059 156 4105 ι,
172 4033 310 4109 patienter
326 4033 414 4103 ierat,
429 4042 458 4092 st
472 4034 636 4094 adsalutem
652 4053 731 4096 suem
747 4036 903 4110 prouenisse
917 4035 1030 4108 medat,
1041 4043 1074 4096 ut
1083 4037 1124 4094 ui-

140 4163 150 4193 ,
173 4137 320 4196 moresqm
338 4138 404 4182 suos
425 4122 525 4184 melius
544 4124 680 4184 instituat.
