2782 4696
170 262 232 342 [58
527 265 648 332 Ritualc
672 269 861 330 Romanum.

233 394 271 470 l.
289 390 480 480 nequeat
501 390 537 458 in
557 406 650 477 poce.

233 508 271 589 nl.
291 502 405 568 Amen.

175 661 179 668 .
234 607 271 683 a.
291 606 451 688 Domine,
474 600 590 670 madi
610 598 789 669 oraminum
808 615 925 665 meam.

232 705 842 801 mittolamormcuaadtermiat.

234 819 270 896 l.
291 816 449 884 Dominus
469 811 648 882 volucrum.

233 930 271 1014 ru.
292 926 428 992 Etcum
448 921 564 1008 spiritu
587 925 658 987 tno.

620 1077 766 1146 Oreum

241 1262 298 1328 ac,
322 1257 501 1328 qumumua
520 1233 976 1320 comarumcomarum
993 1239 1051 1299 tuo
1067 1232 1190 1338 defunct

239 1348 309 1427 (rel
329 1340 696 1424 smmuodamm)
713 1338 964 1408 misericordiam
980 1385 991 1425 ,
1009 1340 1190 1409 urmatten

168 1457 302 1526 suornm
317 1454 352 1520 in
372 1452 476 1539 poma
495 1469 563 1517 non
582 1448 850 1534 minium,
866 1446 925 1532 qui
940 1448 1010 1527 (va
1025 1450 1115 1533 (rw)
1130 1453 1190 1513 un

166 1565 203 1632 in
222 1563 307 1630 rotie
327 1560 430 1628 tenuit
450 1556 674 1624 voluntatem:
699 1560 739 1621 ut
757 1555 839 1621 cient
860 1553 915 1620 hic
936 1572 1011 1620 aum
1033 1553 1110 1636 (vol
1133 1572 1190 1623 eun

168 1688 246 1739 veru
266 1666 347 1735 fider
365 1664 471 1753 junxit
490 1662 636 1758 fidelium
653 1661 792 1744 turmia3
813 1661 859 1727 ita
871 1661 939 1728 illic
953 1679 1029 1728 enm
1044 1664 1055 1742 (
1071 1661 1190 1727 volu

167 1783 226 1844 tua
245 1774 407 1843 muciano
429 1770 531 1838 societ
551 1768 711 1854 Angeias
736 1767 855 1835 charia
877 1769 940 1836 Per
960 1767 1125 1835 Christum
1148 1766 1190 1834 Di

168 1881 292 1951 minum
311 1885 469 1947 nostrum.

235 1991 272 2073 a).
293 1989 408 2054 lmen.
883 2052 888 2061 .

236 2089 274 2167 a.
294 2093 452 2179 aequom
471 2089 623 2159 merom
641 2087 729 2158 dona
749 2090 803 2174 ei,
825 2088 974 2157 Domine.

235 2201 274 2285 nl.
295 2203 337 2266 Et
354 2200 411 2266 lux
430 2199 587 2286 perpetua
607 2196 714 2264 luceat
734 2196 777 2263 ei.

235 2299 273 2376 l.
293 2305 482 2391 nequeat
499 2304 535 2370 in
555 2321 645 2391 pace.

235 2420 272 2494 nl·
296 2412 411 2478 Amen.

236 2509 273 2588 l.
294 2517 411 2584 Anima
431 2514 515 2602 ejus,
537 2521 571 2582 et
591 2515 703 2583 anime
723 2513 867 2582 inimum
886 2511 1031 2581 iiddinm
1050 2512 1190 2583 dolunou

170 2642 242 2692 rum
263 2642 323 2712 per
340 2621 589 2690 mucnccrdiam
610 2622 670 2689 Dei
691 2621 890 2709 requiem
909 2621 944 2686 in
965 2638 1059 2707 poce.

236 2731 273 2810 ui·
295 2733 408 2799 Amen.

237 2831 358 2897 Deinde
379 2853 397 2897 a
417 2834 583 2917 Sepultura
605 2836 638 2899 iu
660 2835 851 2916 Ecclesiam,
868 2835 918 2899 rel
933 2836 967 2899 in
983 2838 1189 2902 sacristiamr

171 2943 352 3019 aculeatae,
376 2938 483 3005 dicant
504 2942 569 3006 sine
591 2949 686 3006 cantu
709 2943 945 3026 Antiphonem:
966 2939 999 3005 Si
1019 2940 1190 3026 iniquitute

172 3061 245 3108 cum
265 3045 409 3109 Psalmo:
433 3051 482 3116 Ile
500 3046 688 3134 profundis,
711 3053 773 3117 etc.
797 3047 952 3134 nequem
972 3049 1142 3133 aternam,
1156 3053 1190 3114 ct

237 3147 361 3213 sivero
379 3149 422 3215 ob
437 3152 659 3218 rationabilem
675 3171 821 3235 eausam,
841 3154 989 3220 uidelicet
1006 3155 1051 3220 ob
1074 3162 1190 3242 tempor

172 3254 374 3337 angustiam,
397 3257 449 3320 vel
470 3257 604 3324 aliorum
626 3259 775 3326 funerum
796 3263 963 3326 instantem
984 3265 1190 3328 necessitaten

171 3359 358 3442 pradictum
380 3361 527 3428 Officium
548 3368 750 3432 Morinorum
768 3386 841 3432 cnm
858 3367 963 3434 tribus
984 3370 1177 3451 Nocturnis,

172 3463 334 3530 Laudibus
348 3465 412 3531 dici
427 3487 492 3533 non
507 3477 631 3553 potest3
650 3473 798 3556 deposito
815 3474 848 3538 in
862 3472 1003 3539 Ecclesia
1018 3475 1139 3540 feretro
1154 3494 1190 3540 cn

172 3588 335 3656 corpore,
357 3573 480 3639 dicatum
501 3577 611 3642 saltem
632 3581 771 3662 primum
793 3565 991 3646 Nocturnum
1015 3599 1090 3646 cum
1113 3582 1190 3649 Laud

170 3675 255 3758 bus,
272 3679 324 3743 vel
340 3681 436 3744 etiam
452 3683 517 3746 sine
533 3684 717 3766 Laudibus,
738 3688 871 3751 maxime
889 3687 945 3752 ubi
962 3685 1122 3771 ejusmodi
1143 3692 1190 3774 vig

172 3783 392 3866 consuetudo,
409 3788 590 3871 incipiendo
605 3790 646 3855 ab
663 3792 851 3858 iuvitatorio
866 3814 874 3854 ε
890 3786 1033 3872 Regem,
1050 3788 1105 3854 cui
1118 3789 1190 3854 onm

172 3888 305 3973 vivunt,
328 3891 442 3958 Venite
459 3890 638 3960 adoremus.
658 3900 697 3962 Et
713 3907 826 3982 postea
848 3900 954 3965 omnia
976 3901 1040 3966 alia
1063 3902 1190 3968 dicantu

172 4010 242 4074 quur
265 4012 361 4079 supro
382 4003 566 4086 prescripta
583 4011 655 4070 sunt
672 4003 805 4074 dicenda
822 4014 895 4092 post
913 4005 1062 4076 officina
1085 4012 1189 4077 llortu

172 4116 266 4180 rum,
290 4107 321 4163 et
343 4103 481 4170 llicsam.
