2782 4696
678 422 736 483 lll,

354 595 1061 687 PROCESSIONIBUS

451 816 453 821 ι
532 776 876 836 wamma

184 891 320 1002 ¹›ulilicae
343 956 484 1013 sacraque
510 939 722 1008 Pmcessiones,
744 955 794 997 seu
814 939 1059 1012 supplicationes,
1079 941 1185 1012 quibus
1198 955 1226 998 cx

174 1031 369 1106 antiquissimo
379 1031 422 1087 Ss.
435 1031 550 1086 Petrum
568 1027 697 1086 instimto
707 1027 850 1086 catholica
870 1028 994 1087 Mesia
1007 1027 1051 1086 rel
1064 1027 1100 1085 ad
1112 1030 1224 1086 endun-

174 1120 240 1178 dam
264 1118 402 1176 Fidelinm
427 1118 558 1190 pietatem
577 1157 587 1186 ,
609 1116 653 1174 vel
670 1114 707 1174 ad
724 1115 968 1175 commemoranda
991 1118 1047 1174 Dei
1073 1116 1221 1186 beneficia,

174 1210 255 1283 eique
272 1207 376 1282 gratias
396 1205 534 1280 agendas,
555 1205 598 1263 rel
615 1203 652 1263 ad
669 1204 796 1263 divinum
813 1205 947 1263 auxilinm
965 1204 1176 1278 implorandum
1187 1207 1221 1263 nti

174 1297 336 1366 consumit,
355 1310 410 1369 qua
426 1311 477 1368 par
491 1302 535 1352 cst
551 1294 688 1368 religione
704 1294 838 1352 cslebmrl
855 1293 977 1364 debean
999 1296 1149 1352 continent
1158 1295 1221 1351 enin

174 1402 276 1459 magna
293 1401 327 1442 ac
344 1382 439 1442 divina
457 1383 586 1459 mysteria
597 1424 607 1452 ,
620 1391 649 1442 et
659 1383 794 1442 salamnus
812 1383 977 1441 Christianae
994 1382 1108 1455 pietatis
1125 1382 1221 1441 naeus

174 1489 221 1533 eas
239 1475 284 1548 pie
301 1480 467 1546 exequentes
481 1489 496 1529 a
511 1475 571 1530 Deo
582 1479 807 1545 consequuntur:
820 1470 856 1531 de
867 1470 970 1546 quibus
986 1469 1102 1529 Fideles
1119 1486 1220 1545 praeno

173 1577 240 1620 nere
251 1569 280 1618 et
292 1559 415 1631 erudire,
429 1576 486 1634 quo
498 1569 620 1634 tempore
631 1561 720 1634 magis
730 1567 917 1634 opporunun
928 1557 1032 1628 fuerit,
1044 1559 1219 1617 Perochorun

172 1649 297 1708 cllidum
314 1659 365 1709 est.

225 1739 347 1798 Videant
361 1741 391 1797 in
407 1740 505 1812 primis
522 1737 703 1809 Sacerdotes,
721 1738 826 1812 aliique
847 1737 1037 1796 Fcclesiastici
1056 1736 1221 1808 Ordinis‚ul

172 1829 204 1885 in
220 1826 265 1885 his
282 1827 508 1885 Processionihns
519 1843 551 1884 ea
563 1825 697 1884 modestia
716 1826 914 1884 commeantia
932 1834 993 1883 turn
1012 1825 1050 1883 ab
1067 1827 1138 1899 ipsis
1150 1867 1159 1896 ,
1171 1834 1220 1882 tun

174 1916 209 1974 ab
227 1916 290 1974 aliis
310 1915 503 1985 adhiheatur,
525 1931 588 1990 quae
607 1914 661 1987 piis
681 1923 709 1972 et
726 1915 863 1988 religiosis
886 1913 1050 1986 hujusmodi
1076 1914 1222 1972 conomius

172 2006 291 2063 innume
311 2004 436 2062 debonat.

225 2095 331 2150 Omnes
351 2092 462 2150 decenti
482 2092 598 2163 habitu,
612 2091 836 2166 superpelliceis,
850 2091 893 2150 vel
905 2091 968 2149 aliis
985 2093 1074 2150 sacris
1094 2091 1222 2159 restibus,

171 2182 232 2239 sinc
252 2182 372 2256 galeris,
392 2183 447 2239 nisi
467 2181 559 2254 pluvia
571 2190 706 2255 cogente,
728 2179 838 2251 induti,
864 2181 1005 2254 pavito,
1030 2179 1178 2249 modeste,
1196 2196 1224 2237 ar

172 2271 268 2329 devoto
288 2272 349 2329 hini
367 2286 418 2328 suo
434 2270 496 2328 loco
514 2270 711 2343 procedentes,
730 2272 817 2328 sacris
834 2269 962 2342 precibus
981 2270 1022 2327 ita
1039 2270 1100 2326 sint
1117 2270 1223 2338 intenti,

172 2367 204 2416 ut
222 2369 328 2417 remoto
348 2361 426 2429 risu,
448 2368 600 2433 mutuoque
616 2359 778 2432 colloquio,
798 2367 825 2415 et
843 2374 912 2432 vago
930 2357 1080 2415 oculorum
1100 2365 1223 2431 aspectu,

172 2449 305 2522 populum
328 2447 412 2504 etiam
433 2447 469 2504 ad
489 2449 556 2521 pie,
575 2447 725 2521 devoteque
743 2445 913 2520 precandum
934 2445 1064 2504 invitent.

224 2539 303 2594 Laici
314 2553 329 2594 a
342 2537 455 2595 clericis
466 2579 475 2608 ,
487 2536 610 2595 foeminae
622 2553 639 2593 a
653 2537 718 2594 viris
729 2544 862 2609 separatae
872 2577 881 2605 ,
893 2543 1005 2593 orantes
1013 2543 1225 2609 prosequantur.

222 2624 388 2683 Praeferatur
400 2628 483 2691 Crux,
494 2624 579 2683 etubi
592 2623 678 2682 fuerit
688 2624 870 2693 consuetudo,
883 2623 1016 2681 vexillum
1027 2625 1118 2681 sacris
1131 2623 1224 2696 Imagi-

170 2714 256 2772 nibus
266 2713 451 2787 insignitum,
465 2730 523 2771 non
539 2721 634 2770 mmen
646 2712 751 2770 iactum
764 2713 878 2770 militari
889 2711 1121 2784 scutrianguleri
1131 2711 1223 2769 forms.

224 2802 333 2859 Edendi
354 2819 387 2860 ac
404 2801 517 2859 bibendi
540 2803 679 2872 abusum,
700 2818 850 2876 secumque
871 2801 1014 2859 esculenta
1034 2809 1063 2858 et
1081 2801 1223 2874 poculenta

170 2891 312 2950 deferendi
332 2892 362 2948 in
382 2893 468 2949 sacris
486 2891 734 2962 Processionibus,
753 2893 883 2965 agrisque
900 2889 1077 2959 lustrandis,
1091 2889 1222 2947 etsulnr·

169 2978 251 3036 banis
269 2979 402 3036 Ecclesiis
423 2977 593 3046 visitandis,
615 2979 713 3037 tollere
736 2979 853 3037 Parochi
870 2977 1026 3048 studeant3
1049 2993 1082 3034 nc
1102 2976 1221 3045 Fideles,

170 3068 324 3140 presertim
338 3065 382 3124 dic
394 3068 562 3137 Dominica,
583 3083 646 3140 quae
664 3068 785 3141 proxime
802 3067 971 3139 Rogationes
991 3065 1135 3124 antecedit
1147 3080 1222 3141 quam

169 3156 230 3214 nne
247 3154 378 3212 dedecent
395 3156 570 3228 corruptela,
588 3158 689 3230 saepius
704 3155 882 3213 admoneant.

222 3245 415 3301 Processiones
435 3245 513 3316 prius
531 3245 590 3302 lieri
613 3244 734 3314 debent,
754 3242 856 3302 deinde
874 3246 960 3302 llissa
977 3243 1146 3302 solemniter
1162 3241 1222 3300 cele·

168 3333 261 3392 brari:
280 3334 336 3391 nisi
352 3334 433 3390 aliter
448 3333 484 3391 ob
496 3349 607 3407 gravem
626 3350 738 3392 causam
758 3326 900 3391 interdum
916 3331 1083 3402 Ordinatio,
1097 3333 1142 3391 cel
1152 3333 1222 3391 clero

168 3421 304 3480 rideatur.

221 3511 415 3568 processiones
436 3519 531 3567 autem
549 3510 677 3585 quiedam
695 3519 763 3568 sunt
779 3510 949 3580 ordinarias,
970 3526 1034 3584 quse
1057 3511 1133 3568 dunt
1150 3507 1222 3568 certis

168 3598 266 3656 diebus
280 3615 329 3671 per
345 3615 450 3656 annum
464 3641 472 3668 ,
486 3608 519 3657 ut
536 3601 566 3656 in
577 3598 648 3657 desto
666 3600 871 3657 Purificationis
887 3601 920 3655 B.
935 3599 1033 3656 Mariae
1049 3615 1161 3672 semper
1170 3597 1222 3652 Vir

167 3689 242 3760 ginis
253 3729 261 3756 ,
272 3696 300 3744 et
311 3689 340 3744 in
352 3690 499 3746 Dominica
518 3689 698 3759 Palmamm,
716 3697 746 3746 et
762 3689 791 3744 in
809 3688 928 3745 Litaniis
946 3687 1102 3759 Maioribus
1119 3687 1222 3744 infesto

167 3776 195 3832 S.
219 3776 326 3846 Marci,
346 3780 421 3833 etin
440 3777 597 3835 Minoribus
617 3778 807 3851 Rogationum
834 3775 928 3834 triduo
945 3783 1011 3832 ante
1029 3776 1222 3832 ammonem

166 3866 298 3932 Domini,
319 3873 347 3922 et
365 3867 395 3922 in
412 3865 484 3924 festo
502 3868 544 3923 Ss.
569 3867 699 3940 Corporis
716 3867 819 3924 christi
831 3908 840 3936 ,
852 3865 895 3922 uel
908 3864 971 3923 aliis
983 3863 1085 3923 diebus
1097 3881 1150 3938 pro
1162 3877 1222 3921 con·

166 3950 316 4009 suetudine
334 3955 532 4012 Ecclesiarum.

220 4038 355 4112 Quaedam
375 4059 438 4099 vcro
459 4052 526 4101 sunt
541 4043 765 4101 extraordinarias
780 4087 788 4115 ,
805 4051 837 4101 ut
855 4057 918 4116 quae
936 4042 1042 4110 mrim,
1059 4057 1093 4098 nc
1111 4038 1222 4114 publicis

167 4127 297 4186 Ecclesia
315 4128 350 4186 dc
368 4131 459 4188 causis
477 4134 505 4189 in
526 4130 587 4189 dies
604 4131 777 4191 indicuntur.
