2782 4696
529 314 652 379 Ritnale
676 314 862 379 Romanum.

605 489 750 561 Oramus.

248 671 321 736 eus,
344 651 503 738 reidgium
523 656 669 717 nostrum
689 657 723 717 et
742 649 864 732 virtus,
890 648 1001 717 ndbto
1025 650 1089 736 piis
1112 652 1215 717 Eccit-

170 808 179 818 .
247 762 300 826 siaa
318 767 381 826 tuae
402 758 567 844 precibus,
595 758 789 842 inmoripso
803 756 952 841 pietatis,
972 763 1008 823 et
1029 765 1168 842 praesta:
1183 766 1214 824 ιι

167 867 257 954 quod
277 866 414 933 fidenter
435 864 594 949 petimus,
616 863 786 930 efficaciter
806 864 1055 948 consequimm.

249 991 324 1055 ens,
353 973 408 1056 qui
431 972 465 1035 in
488 969 577 1035 omni
598 969 672 1035 loeo
696 969 924 1036 dominatiduis
945 975 1011 1035 tuae
1029 968 1166 1034 clemens
1184 974 1211 1033 et

248 1077 405 1163 benignus
426 1076 563 1143 assistis:
586 1074 701 1142 exaudi
723 1093 804 1158 nos,
829 1092 1035 1161 quesumus,
1057 1081 1092 1141 et
1110 1075 1210 1140 cond

167 1185 228 1268 de,
248 1191 286 1250 ut
306 1187 340 1250 iu
354 1184 519 1268 posterum
539 1181 735 1248 inviolabilis
756 1179 853 1267 huJus
872 1181 939 1247 loci
958 1183 1145 1266 permanan
1160 1179 1209 1247 be-

168 1290 307 1357 nedictio
342 1294 375 1360 r1⁴
389 1336 399 1372 ,
423 1296 456 1355 et
475 1289 525 1354 tui
540 1289 683 1355 muneris
700 1288 856 1356 beneficia
871 1288 1061 1354 micernius
1082 1287 1151 1354 baec
1163 1288 1208 1353 n·

168 1397 287 1464 denum
298 1442 308 1479 ,
330 1414 401 1481 (pra
422 1396 600 1481 supplicat,
622 1398 784 1481 percipere
801 1396 971 1460 nocetur.

173 1504 219 1669 ί
245 1505 353 1568 rimus
375 1503 526 1586 pietatem
552 1507 661 1585 tumn,
692 1502 891 1587 omnipotens
905 1500 1010 1583 Deus,
1039 1505 1079 1566 ut
1101 1499 1210 1566 nunu

243 1615 356 1692 terrae,
382 1627 465 1693 quos
487 1609 568 1674 ieris
583 1616 616 1674 et
630 1608 746 1692 pliviae
761 1607 1011 1692 temperamento
1029 1606 1155 1672 nutrire
1168 1605 1210 1672 di·

166 1714 289 1799 guinis,
304 1714 536 1781 benedictionis
552 1722 615 1780 tuae
633 1714 738 1780 imbre
757 1711 945 1798 perfundas,
961 1718 996 1778 et
1009 1710 1134 1777 cnon
1145 1710 1211 1777 buit

167 1820 292 1906 pdpnlo
311 1827 369 1886 tno
388 1820 428 1886 de
447 1822 511 1886 tuis
532 1820 719 1887 muneribus
737 1821 799 1886 tibi
820 1837 947 1904 semper
967 1819 1092 1902 gratias
1105 1820 1209 1901 ipram

167 1934 207 1992 nt
225 1927 389 1993 fertilitate
409 1934 519 2010 terrae,
540 1928 744 1993 esurientium
766 1927 885 1993 animate
906 1926 1002 1991 bonis
1019 1922 1213 1991 affluentibus

167 2035 309 2121 repleas,
333 2041 366 2101 et
386 2036 504 2122 egenen
524 2043 556 2102 et
580 2038 703 2122 pauper
722 2033 855 2100 laudent
871 2051 989 2100 nomen
1012 2031 1126 2119 gloriar
1146 2039 1212 2098 tue.

168 2142 231 2207 Per
253 2142 437 2226 Christum,
463 2148 524 2208 etc.

238 2241 353 2303 Postea
366 2248 527 2323 assumpto
542 2241 678 2321 bacuio,
703 2242 788 2305 sicet
800 2240 994 2324 Episcopus,
1016 2246 1050 2305 et
1069 2242 1216 2325 cooperto

170 2344 273 2429 capite
293 2345 370 2409 dicit
391 2347 582 2429 Delegatns:
605 2350 789 2418 Benedictio
813 2351 871 2416 Dei
895 2349 1143 2434 omnipotentis,
1157 2351 1214 2414 Pa-

168 2458 225 2523 tris
253 2456 286 2521 ab
301 2503 311 2540 ,
327 2464 359 2522 et
373 2458 460 2542 Filii,
482 2465 515 2523 et
526 2459 659 2543 Spiritus
676 2460 804 2541 Sancti,
828 2476 924 2541 snper
941 2475 1061 2541 egros,
1085 2463 1120 2521 et
1138 2456 1218 2521 bona

168 2563 377 2648 quacumque
397 2565 461 2629 loci
479 2563 575 2649 hujus
599 2565 692 2649 plena
717 2562 902 2646 descendat,
930 2570 963 2629 et
984 2564 1116 2628 mineat
1139 2580 1216 2627 sem·

168 2688 238 2753 per.
266 2671 379 2735 Amen.

236 2769 269 2831 Si
292 2775 341 2832 est
361 2768 556 2851 Episcopus,
580 2767 657 2833 facit
678 2774 726 2833 ter
747 2769 872 2852 signum
890 2768 1011 2833 Crucis

234 2874 358 2937 Deinde
381 2881 513 2957 accepto
536 2873 576 2938 de
599 2892 695 2938 monn
717 2874 870 2957 dignioris
884 2873 924 2938 de
937 2874 1030 2938 Clero
1047 2878 1149 2956 Aquae
1165 2874 1216 2937 be·

170 2975 304 3040 nedietee
330 2981 531 3061 aspersorio,
557 2981 697 3062 aspergit
717 3000 827 3044 versus
850 2987 988 3063 quatuor
1011 2980 1125 3044 mnndi
1149 2998 1217 3063 par·

171 3088 235 3157 tes,
253 3083 362 3146 dicens
378 3087 444 3149 sine
460 3094 571 3165 contu,
584 3093 616 3149 et
629 3090 695 3151 sine
710 3088 833 3152 Psalmo
849 3087 1068 3170 Antiphonem
1080 3105 1088 3147 :
1102 3087 1217 3172 neptr-

167 3212 224 3278 gos
249 3214 300 3260 me
326 3196 492 3281 hyssopo,
522 3202 555 3261 et
577 3195 781 3262 mundabor:
812 3195 934 3261 lavabis
964 3212 1042 3276 me,
1069 3199 1104 3260 et
1126 3211 1218 3277 super

166 3303 273 3368 niuem
296 3301 481 3368 dealbabor.

235 3403 297 3464 Pro
318 3401 538 3468 benedictione
564 3404 694 3485 Populi,
720 3410 834 3488 operto
851 3406 971 3489 eapite,
991 3404 1216 3485 manibnsjnn

168 3508 248 3583 elis,
267 3506 363 3571 dicit:
390 3515 486 3577 Pater
504 3519 623 3578 noster.
763 3500 770 3510 ’

234 3608 268 3682 ι).
290 3620 331 3682 Ει
345 3636 392 3701 Ιιιιι
413 3636 473 3682 nos
496 3618 626 3684 indicas
643 3620 678 3683 in
700 3620 918 3685 tentationem.

233 3723 268 3801 ed.
289 3722 351 3788 Sed
372 3722 472 3789 libera
492 3742 551 3788 nos
575 3725 711 3790 amalo.

234 3819 267 3889 i.
289 3828 399 3892 Salvos
421 3829 472 3893 sae
494 3849 603 3895 servos
627 3838 711 3896 tuos.

234 3934 267 4007 nj.
288 3934 373 3996 Deus
392 3952 502 4016 meus,
527 3938 690 4019 sperantes
713 3939 811 4002 inte.

233 4028 251 4099 ι’·
290 4039 362 4100 Νοιι
384 4039 557 4104 sectindnm
581 4045 711 4123 poenita
730 4049 840 4108 nostra
863 4044 960 4107 ficies
984 4041 1091 4107 nobie.

234 4146 255 4196 ι’
289 4146 396 4226 anue
413 4147 586 4213 seeundum
600 4149 782 4231 iniquitates
799 4157 923 4217 nostras
940 4150 1097 4216 retribuas
1114 4149 1218 4214 nobis.
