2782 4696
294 277 337 342 46
655 283 780 349 Ritnale
802 285 989 347 Romanum.

359 408 418 467 Hie
429 406 550 485 nepem
562 413 629 468 σέο·-
737 405 877 471 Subinde
894 406 1063 489 pollicem,
1088 413 1121 469 et
1136 407 1268 469 inuncta
1284 407 1348 470 lore

294 512 355 574 lem
380 512 563 591 violarem,
593 518 624 574 et
670 511 825 596 abstergit
841 511 1028 591 humbrum,
1051 512 1103 577 rel
1123 532 1158 576 re
1179 513 1298 593 simili,
1321 521 1348 576 et

255 649 259 656 =
292 619 488 681 rumitatt'am
500 618 621 681 attten-
669 620 861 701 interroget,
881 635 1028 701 expresso
1049 618 1177 682 nomine
1186 618 1348 702 ,baptize-

293 724 378 786 teris.
672 733 757 807 tum,
772 724 901 792 Petrino
918 721 1141 809 respondente.

363 830 402 893 Ν
423 827 561 894 credie
552 846 587 894 ιιι
606 827 709 894 Deum
730 829 859 894 Patrem
879 826 1151 912 omnipotentem,
1170 829 1346 894 createrem

292 934 384 1019 eoeli,
405 940 439 1001 et
456 933 581 1000 terre?

363 1043 399 1126 rt.
416 1039 533 1108 credo.

357 1146 466 1215 credie
479 1145 934 1214 inlesumchrietumFilium
947 1143 1016 1232 ejnn
1029 1145 1161 1214 dnienm
1171 1146 1345 1213 Delminum

290 1260 459 1337 nostrum,
480 1259 615 1337 netum,
636 1258 670 1319 et
688 1251 850 1339 pienum?

360 1361 398 1439 td·
419 1358 537 1427 credo.

356 1464 513 1533 Crediein
528 1464 679 1551 Spiritum
693 1465 864 1550 Sanctum,
882 1471 1024 1532 mnetem
1037 1464 1210 1532 Ecclesiam
1225 1463 1344 1531 (letho-

288 1573 403 1657 ileum,
428 1573 616 1639 Senetdrum
642 1573 899 1639 eommunidnem
917 1617 929 1656 ,
948 1571 1168 1638 remlmidnem
1188 1571 1342 1658 pecenti-

288 1697 383 1763 rnm,
407 1679 510 1746 earnis
530 1680 819 1763 resurrectionem,
841 1679 940 1746 ritem
963 1677 1144 1744 oettrnem'l

358 1782 396 1864 tt‘·
418 1783 534 1852 Credo.

357 1884 511 1951 Sacerdos
529 1885 657 1969 intingit
673 1885 821 1971 pollicem
839 1885 874 1951 in
890 1903 980 1951 snero
1001 1885 1190 1968 (llrrismete,
1208 1893 1242 1952 et
1256 1889 1342 1970 ungit

292 1989 441 2055 infantem
464 1995 584 2075 (quem
604 1993 750 2058 Petrinus
771 1993 998 2073 velitamina,
1020 1993 1073 2058 vel
1094 2000 1232 2079 uterque
1251 1994 1340 2058 simul

274 2103 420 2176 tenent)
442 2099 474 2161 in
498 2099 678 2164 summitate
702 2100 813 2184 cepitis
835 2101 868 2163 in
890 2099 1025 2165 modum·
1045 2101 1179 2179 CrueiS,
1209 2099 1336 2165 dicens:

352 2213 439 2277 Deus
461 2211 687 2294 omnipotens,
711 2209 807 2274 Peter
828 2206 960 2274 deini
980 2204 1082 2271 nostri
1102 2205 1176 2270 Jesn
1199 2204 1334 2283 Christi,

233 2383 240 2400 ,
288 2319 390 2405 quite
405 2317 603 2400 regeneririt
617 2335 655 2381 ex
670 2333 772 2400 eque,
790 2320 823 2379 et
836 2314 954 2399 Spiritu
968 2313 1101 2395 Sancto,
1118 2311 1240 2397 quique
1254 2309 1339 2376 dedit

286 2424 579 2490 tihiremiesidnem
599 2422 741 2487 omnium
756 2419 983 2506 peccaterum:
1006 2416 1075 2490 thie
1098 2418 1207 2500 ungit)
1227 2418 1297 2501 ipse
1309 2421 1338 2480 te

286 2529 378 2596 liniet
394 2529 569 2595 (thriemete
586 2528 694 2594 enldtis
720 2530 753 2596 ›l‹
777 2527 812 2593 in
831 2525 945 2592 eddem
964 2525 1091 2591 Christo
1105 2525 1183 2591 lesu
1201 2523 1336 2589 deino

286 2642 397 2702 nostro
409 2681 419 2719 ,
433 2635 468 2701 in
481 2634 580 2700 vitem
596 2635 755 2699 eternam.
958 2618 962 2627 '

354 2736 390 2816 tl·
414 2743 527 2808 Amen.

353 2838 433 2901 'l'um
455 2837 646 2917 ltnmbeeie,
669 2837 720 2901 rel
745 2858 778 2902 re
802 2839 917 2917 simili,
937 2839 1090 2921 abstergit
1112 2840 1286 2922 pollicem,
1307 2845 1335 2902 et

286 2940 395 3006 locum
412 2945 574 3008 inunctum
591 2989 600 3024 ,
619 2951 651 3008 et
666 2943 803 3027 imponit
818 2944 912 3028 capiti
928 2944 1056 3011 infantis
1072 2945 1240 3012 linteolum
1260 2966 1332 3012 enn-

287 3046 421 3130 didum,
444 3050 517 3115 loeo
540 3052 634 3116 restis
655 3051 760 3132 nlhae,
785 3049 917 3116 dieens:

350 3166 469 3250 lceipe
486 3169 606 3230 restem
624 3161 811 3244 etndidam‚
830 3180 929 3247 quem
945 3160 1177 3227 immeenlitrm
1199 3161 1334 3247 perferas

286 3278 359 3339 ente
377 3269 516 3336 tribdnnl
536 3269 672 3336 deini-
685 3270 787 3337 nostri
805 3270 880 3336 Jesu
898 3267 1223 3353 utinamutinam
1240 3270 1334 3335 ritem

284 3379 443 3445 eternam.
551 3396 553 3403 ⁴

351 3477 389 3555 td·
410 3484 524 3549 Amen.

351 3584 464 3647 Postea
478 3583 532 3647 del
544 3585 588 3665 ei,
606 3585 654 3650 rel
669 3587 812 3668 Palline,
829 3583 991 3650 carrdelam
1008 3604 1187 3665 aeemreem,
1204 3585 1328 3650 cleers:

350 3696 469 3780 Accipe
491 3691 672 3779 limpedem
698 3690 891 3774 ardentem,
914 3696 948 3756 et
967 3689 1252 3775 irreprehenssstilin
1276 3710 1333 3757 en·

282 3800 370 3868 etddi
388 3801 585 3886 Baptismum
602 3807 714 3866 tunm:
738 3817 830 3865 serve
849 3798 911 3863 Dei
932 3796 1099 3882 mandeti,
1118 3805 1157 3864 ut
1172 3816 1246 3864 eum
1264 3800 1332 3864 Dt-

282 3908 388 3975 minm
407 3909 530 3973 venerit
553 3907 595 3984 nd
613 3906 761 3992 nuptiae,
785 3905 889 3991 poesis
909 3906 1078 3971 oeedrrere
1094 3905 1124 3970 ei
1142 3953 1152 3989 ,
1173 3924 1240 3971 nne
1264 3922 1334 3970 enm

283 4013 431 4080 dmnibus
442 4014 561 4080 Sanctis
574 4013 609 4079 in
621 4012 692 4079 enle
705 4012 840 4096 ereldeti3
857 4010 1040 4096 labemque
1051 4012 1151 4083 vitem
1166 4012 1334 4093 eternam

282 4126 316 4185 et
333 4120 422 4186 rives
442 4121 476 4186 in
498 4119 611 4188 eoeeuln
630 4119 829 4187 saeenldrum.
878 4120 914 4195 rt.
939 4120 1050 4186 Amen.
