2782 4696
477 379 700 460 RITUS

122 594 340 661 benedicendi
364 613 483 660 uorum
507 598 727 662 Coemetcrium
750 616 807 681 per
830 597 1031 663 Sacerdotem

363 702 404 766 ab
428 702 585 786 Episcopo
610 702 802 785 delegatum.

453 873 718 930 Μ

63 1013 197 1195 lJridie
220 1149 318 1213 quam
339 1131 396 1196 fiat
418 1130 622 1210 benedictio,
650 1133 783 1214 ponitur
804 1135 838 1197 in
861 1131 968 1197 medio
993 1133 1115 1200 Coeme-

10 1218 31 1371 ’ἰ
67 1237 126 1300 terii
149 1235 359 1301 benedicendi
381 1237 484 1318 ligneo
506 1239 607 1319 Crux,
633 1238 697 1301 alta
721 1237 763 1303 ad
786 1246 939 1304 staturam
955 1241 1113 1323 hominis,

69 1349 93 1407 et
111 1350 179 1407 ante
202 1345 304 1427 ipsam
326 1344 458 1407 Crucem
483 1345 515 1407 in
539 1350 623 1408 terra
643 1343 754 1425 figitur
775 1346 912 1429 paxillus
934 1346 1055 1411 tridens
1077 1347 1116 1412 li·

69 1464 151 1527 gneus
173 1449 256 1513 altus
277 1448 318 1514 ad
341 1449 484 1515 cubitum
507 1468 628 1531 unum,
662 1457 755 1534 aptus
782 1451 823 1514 ad
849 1450 1041 1534 affigendum
1064 1453 1110 1517 illi

69 1555 120 1617 tres
140 1554 298 1618 candelas.

118 1660 267 1742 Sequenti
290 1659 341 1724 dic
358 1679 449 1725 mane
473 1662 626 1725 Sacerdos
650 1661 684 1724 in
707 1661 853 1724 Sacristia
880 1667 1010 1743 paratus
1032 1663 1111 1726 emi-

10 1783 13 1791 ·
67 1770 124 1846 ctu,
148 1765 244 1848 alba,
275 1767 425 1848 cingulo,
446 1767 551 1847 stola,
576 1787 614 1831 ac
636 1768 768 1848 pluuiali
783 1767 846 1830 albi
863 1768 980 1830 coloris
997 1815 1005 1845 ,
1024 1768 1114 1832 adhi-

64 1867 127 1934 bitis
144 1872 271 1954 aliquot
285 1873 510 1937 Sacerdotibus
527 1880 558 1936 et
574 1873 705 1936 Clericis
722 1872 839 1936 irulutis
860 1873 1110 1955 superpelliceis,

10 1990 15 2033 ἵ
63 1978 107 2058 qni
127 1977 273 2043 delerent
294 1980 580 2063 vasculum'dquoe
597 1980 792 2059 benedictae,
826 1979 1054 2062 aspergillum,
1080 1988 1113 2044 et

10 2040 31 2165 B
62 2081 250 2150 thuribulum
272 2105 346 2150 cum
369 2088 489 2151 incensi
517 2087 682 2165 navicula,
714 2093 746 2149 ct
772 2085 835 2149 hoc
857 2087 973 2150 Rituuli
997 2085 1108 2170 libro,

10 2172 13 2180 ’
60 2192 85 2250 ct
102 2190 204 2253 tribus
226 2190 366 2257 candelis
388 2194 511 2273 cereis,
539 2191 688 2275 procedit
704 2191 745 2256 ud
767 2193 989 2257 Coemeterium
1010 2192 1109 2258 bene·

59 2289 241 2378 dcundum,
266 2305 340 2361 unte
365 2299 499 2364 Crucem
514 2300 549 2362 in
565 2300 671 2363 medio
690 2300 843 2382 positam,
868 2307 900 2362 et
916 2298 1108 2382 affiguntur,

58 2403 320 2468 etaccenduntur
341 2412 406 2469 tres
434 2405 573 2469 candelae
597 2425 691 2487 super
710 2406 850 2490 ligneum
872 2408 1051 2489 paxillum:
1077 2413 1109 2471 ct

56 2504 197 2574 Sacerdos
221 2517 295 2575 ente
317 2512 449 2577 Crucem
472 2519 504 2576 et
527 2513 674 2577 candelas
693 2519 798 2592 stans,
824 2512 1027 2596 discooperto
1053 2531 1108 2576 cu-

57 2614 135 2697 pite,
165 2614 266 2680 dicit:

500 2725 526 2785 0
538 2724 656 2788 remus.

128 2828 314 2912 mnipoteus
337 2830 443 2912 Deus,
466 2832 522 2914 qui
545 2849 580 2895 es
603 2837 712 2896 custos
734 2830 935 2910 unimtrum,
960 2833 993 2893 et
1013 2826 1114 2894 tutu

131 2931 265 3016 suum,
288 2933 367 3000 fides
386 2933 602 3002 credentium:
621 2937 744 3021 respice
764 2933 924 3021 propitius
939 2931 981 3000 ud
995 2938 1113 3000 uostm

54 3037 214 3104 eruentis
236 3039 404 3123 officium,
433 3047 466 3107 et
494 3041 536 3108 sd
565 3042 736 3109 introitum
757 3048 903 3109 nostrum
928 3040 1111 3126 purgent,

51 3137 133 3209 bure
151 3152 186 3217 >p
222 3145 367 3229 detur,
397 3154 432 3214 et
456 3149 556 3215 seucti
576 3158 609 3223 ‘21⁴
643 3148 757 3216 ficetur
778 3149 843 3217 boe
864 3148 1112 3226 censuum,

50 3253 87 3312 ut
107 3248 251 3318 bumtna
274 3255 414 3338 corpore
430 3253 485 3320 bie
499 3260 573 3339 post
589 3256 662 3320 rite
682 3271 810 3320 cursum
833 3254 1052 3338 quiescentia,
1078 3251 1113 3316 in

48 3370 168 3442 unguo
187 3355 302 3442 judicii
317 3358 368 3424 die
385 3360 480 3426 simul
496 3380 569 3426 curn
585 3360 733 3426 felicibus
750 3360 917 3425 animabus
932 3358 1113 3424 meredntur

47 3458 184 3544 ediplsci
202 3462 275 3528 vitre
294 3465 441 3546 perenm
456 3465 582 3548 gaudis.
601 3469 662 3531 Per
679 3465 839 3530 Christum
861 3463 1033 3529 Dominum
1049 3476 1112 3525 uo·

47 3571 164 3632 mum.
202 3565 240 3645 ΒΣ.
276 3574 391 3637 Amen.

111 3667 187 3731 blox
210 3672 281 3730 ante
304 3666 405 3749 ipsam
428 3668 561 3733 Crucem
585 3688 694 3733 omncs
720 3669 852 3751 genibus
881 3671 969 3733 llexis
995 3669 1107 3734 dicunt

47 3771 184 3836 litanias
204 3771 410 3853 ordinariam,
445 3774 613 3857 incipiente
641 3777 798 3855 Cantorc,
827 3776 947 3839 caeteris
969 3793 1104 3857 respon·

47 3875 195 3941 dentibus
211 3899 220 3958 3
246 3884 278 3940 ct
295 3897 367 3941 curn
385 3878 505 3942 dietum
522 3879 638 3944 fuerit:
669 3886 712 3950 Ut
728 3882 875 3948 omnibus
891 3878 1040 3946 fidelibus
1057 3877 1113 3943 de·

50 3987 186 4072 functis,
205 3996 266 4056 etc.
286 3993 329 4057 Te
352 3994 526 4075 regmos,
552 3991 627 4058 dudi
656 4010 726 4056 nos.
757 3985 908 4051 Sacerdos
929 3986 1048 4069 surgit,
1075 3991 1105 4049 et

49 4090 128 4155 dara
147 4109 226 4154 vore
245 4091 339 4171 diris,
365 4092 544 4176 producens
568 4114 660 4161 uranu
685 4098 808 4176 siguum
826 4093 954 4159 Crucis:
991 4093 1032 4158 Ut
1048 4091 1112 4156 hoe
