2782 4696
406 330 453 394 itu
480 326 748 396 processionibus,
1047 326 1110 393 319

472 452 614 521 Psalmus
638 454 693 519 80.

55 458 252 623 Exultite
268 550 337 614 Deo
363 547 503 633 adjutori
517 555 652 615 nostros
677 556 690 587 ·
709 540 845 634 innuite
859 551 927 615 Deo
941 551 1055 618 Jacob.

124 656 253 727 suimite
279 655 460 739 psalmum,
491 660 524 720 et
552 653 626 721 dato
655 661 865 740 tympanumt
892 670 903 683 ·
928 656 1111 739 psaltis-ium

54 758 238 844 jucdndum
256 781 329 828 oum
349 761 480 827 cithara.

125 870 303 936 Buccinate
317 869 352 934 in
365 866 537 933 Neomdnia
551 865 651 951 tohu,
674 874 685 900 ·
712 868 746 933 in
761 868 877 952 insigni
892 868 945 935 dis
960 868 1112 937 solemni·

57 973 136 1039 tatis
158 981 282 1040 vostra.

124 1080 418 1164 Qniapraoiptnm
430 1078 572 1144 inlsroel
583 1085 642 1144 est:
671 1084 681 1109 ³
701 1084 733 1144 et
743 1076 898 1163 judicium
910 1081 980 1146 Deo
994 1081 1107 1147 Jacob.

123 1185 359 1253 Testimonium
380 1185 415 1249 in
436 1183 557 1268 ioseph
583 1183 692 1267 posuit
715 1183 813 1266 iilud,
846 1204 921 1252 oum
944 1187 1044 1251 exuet
1071 1184 1112 1253 do

56 1295 145 1355 terra
160 1292 312 1376 AEgypti:
333 1300 343 1319 ·
372 1291 537 1373 linguam,
558 1307 655 1373 qum
676 1307 743 1355 non
760 1291 912 1374 noverat,
932 1291 1064 1358 audivit.

123 1397 267 1465 iiivirtit
292 1397 333 1461 ab
359 1395 508 1462 onorinus
535 1395 666 1462 dorsum
692 1393 781 1480 ojus:
842 1415 953 1463 manus
981 1397 1049 1483 ojus
1077 1400 1110 1464 in

57 1501 201 1587 oophino
223 1502 413 1566 serviirunt.

125 1616 168 1675 in
182 1605 388 1672 tnbiilsddno
408 1605 565 1671 invooisti
582 1622 652 1688 me,
671 1611 704 1671 et
716 1605 850 1671 iteravi
863 1613 911 1673 ta:
932 1618 936 1635 '
968 1606 1111 1673 exaudivi

57 1719 92 1777 to
107 1713 143 1777 in
163 1711 352 1778 ubsoondito
369 1713 580 1798 tempestatis:
595 1711 732 1796 probust
750 1719 783 1777 te
802 1712 890 1797 apud
904 1731 1019 1798 aquam
1034 1731 1111 1780 oon·

57 1816 272 1883 undicuonis.

126 1922 215 1993 ,indi
235 1924 375 2009 populus
401 1942 510 2008 mens,
542 1931 575 1989 ot
599 1922 802 1990 contestabor
825 1931 878 1990 ts:
906 1934 914 1947 ·
940 1925 1055 2009 Israel,
1084 1927 1110 1991 si

58 2027 195 2094 audieris
216 2047 287 2112 ma,
309 2047 376 2095 non
397 2032 458 2095 erit
476 2031 510 2094 in
530 2037 563 2094 te
586 2028 664 2095 deus
684 2048 813 2111 mens,
839 2048 942 2116 nequa
963 2030 1111 2098 adoribin

57 2133 156 2199 deum
181 2134 329 2200 ndtnnm.

125 2252 198 2324 ugo
218 2241 301 2305 onim
319 2259 389 2305 sum
410 2242 566 2306 Dominus
589 2243 675 2306 Deus
697 2247 792 2325 tuns,
811 2242 870 2327 qui
892 2241 987 2309 eduini
1012 2251 1046 2308 te
1069 2243 1110 2310 ds

57 2352 144 2411 terra
166 2347 316 2431 dipypti:
336 2358 346 2379 ·’
380 2347 534 2413 dilatans
555 2353 667 2429 tunm,
694 2353 727 2412 et
748 2348 890 2432 implibo
913 2349 1004 2416 illud.

125 2457 168 2523 st
182 2470 248 2516 non
262 2451 384 2518 audivit
401 2452 541 2536 populus
555 2470 643 2519 meua
658 2470 770 2517 vocem
785 2471 907 2520 meam:
934 2470 945 2485 ·
969 2461 1001 2520 ot
1011 2454 1110 2520 lsrael

57 2573 124 2620 non
149 2556 287 2622 intdndit
310 2557 402 2622 mihi.

125 2666 170 2735 itt
194 2661 298 2728 dimisi
322 2681 378 2728 sos
405 2662 579 2729 secundum
610 2662 763 2729 desiduis
795 2664 902 2730 sordis
935 2666 1105 2747 sorum,¹

56 2765 150 2832 ibunt
170 2767 204 2831 in
227 2767 507 2834 adinventionibus
524 2770 600 2834 suis.

120 2873 158 2935 sii
177 2873 318 2957 populns
339 2893 429 2940 meus
449 2873 588 2940 audisset
604 2892 679 2940 me:
704 2886 710 2897 ·
742 2874 838 2941 brae]
858 2878 885 2941 si
903 2876 937 2941 in
956 2874 1017 2940 viis
1031 2876 1110 2942 meis

57 2976 260 3044 ambulisset.

121 3087 193 3149 Pro
214 3085 315 3150 nssiilo
335 3085 470 3151 forsitan
489 3085 634 3151 inimicos
650 3087 760 3151 eornm
779 3087 1013 3154 humiliassem:
1041 3094 1048 3111 ⁸
1077 3092 1110 3155 et

57 3207 154 3273 snper
170 3190 359 3255 tribuldntes
381 3209 437 3256 eos
458 3192 609 3256 misissem
625 3208 753 3257 manum
773 3211 888 3258 meam.

123 3295 247 3359 inimici
263 3296 391 3360 Domini
405 3296 530 3361 mentiti
545 3296 679 3361 suntsi:
706 3301 715 3320 ⁵
742 3303 775 3362 et
787 3298 849 3362 erit
858 3304 983 3382 tempus
996 3300 1109 3364 odium

56 3399 91 3463 in
118 3399 242 3464 munla.

119 3509 166 3571 iit
179 3504 298 3570 cibavit
314 3524 369 3570 eos
384 3526 422 3571 ex
439 3506 533 3591 adipe
548 3506 698 3571 irumdnti
714 3528 722 3570 ε
748 3516 755 3536 ’
784 3513 817 3571 et
833 3507 873 3573 de
889 3515 998 3591 petra,
1015 3508 1107 3574 molle

56 3611 212 3675 saturavit
234 3629 301 3675 eos.

119 3716 236 3782 Gldria
255 3718 368 3799 Patri,
396 3724 457 3782 etc.

461 3883 601 3948 I’soimus
629 3890 680 3945 itii.

52 4035 238 4209 Canidia
266 4035 404 4101 deino
432 4038 591 4104 canticum
615 4056 754 4103 novum:
781 4052 785 4059 ·
815 4040 942 4105 cantito
972 4039 1108 4103 Domino

130 4139 233 4202 omnis
255 4145 350 4205 terra.
