2812 5070
338 274 427 342 Ordo
449 275 729 367 commendationis
751 280 870 344 animm
1068 279 1128 345 133

71 431 168 498 quem
188 411 291 478 dixit:
319 411 400 491 Quia
423 428 505 494 quos
526 408 640 472 dedisti
663 406 761 486 mihi,
785 425 851 471 nou
873 405 998 489 pdrdidi
1021 407 1128 472 exeis

70 536 278 603 quemquam.
290 519 398 582 Simon
411 533 489 598 ergo
500 518 614 579 Petrus
624 513 745 577 habens
757 512 898 593 glidium
911 513 1022 576 eduxit
1035 531 1124 578 eum:

71 631 102 689 et
121 625 279 708 percussit
301 622 463 688 Pontificis
484 639 630 701 servum,
655 625 688 684 et
708 618 843 683 abscidit
863 620 1038 684 auriculam
1059 618 1128 704 ejus

71 729 246 795 dexteram.
268 733 345 794 Erat
367 735 472 793 autem
498 745 615 791 nomen
643 745 736 790 servo
759 726 913 789 Malchus.
937 729 1026 791 Dixit
1048 746 1126 810 ergo

70 838 162 902 Jeans
187 841 310 903 Petro:
341 837 430 900 llitte
451 834 594 917 gladium
615 840 706 897 tuum
731 833 764 897 in
786 835 945 915 vaginam.
969 835 1125 916 Calicem,

71 961 168 1026 quam
187 942 277 1008 dedit
292 942 369 1006 milri
385 945 499 1020 Pater,
523 958 589 1003 non
615 941 663 1003 vis
682 946 719 1003 nt
738 939 848 1003 bibam
870 939 986 1003 illum?
1003 940 1127 1005 Cohors

71 1067 173 1131 crgo,
197 1055 231 1114 at
250 1048 418 1128 tribulum,
446 1053 479 1111 et
503 1046 648 1110 riustri,
666 1044 849 1110 ludaeorum
877 1047 1127 1130 comprehende«

71 1163 145 1220 mut
170 1157 303 1236 lesum,
332 1161 365 1219 at
386 1155 565 1236 ligaremnt
594 1170 689 1216 eum:
714 1159 746 1216 et
766 1153 966 1218 adduxdrunt
988 1174 1060 1218 eum
1084 1155 1125 1220 ad

72 1265 195 1326 Annum
216 1263 378 1347 primum;
397 1265 466 1324 crat
486 1261 571 1323 eninr
589 1277 681 1323 socer
702 1259 850 1341 caipha,
875 1262 1015 1342 quierat
1037 1263 1125 1325 Prin-

71 1369 144 1433 tiiex
160 1370 237 1433 anni
253 1369 348 1432 illius.
366 1370 440 1431 Erat
454 1373 559 1431 autem
571 1366 726 1449 Cdiphas,
744 1367 800 1448 qui
814 1368 977 1430 consilium
995 1367 1126 1434 dddemt

72 1475 209 1540 ludaeis:
237 1475 318 1554 Quia
339 1474 465 1558 tripedii
491 1492 588 1537 unum
610 1472 773 1535 hominem
795 1475 877 1536 mori
902 1493 961 1557 pro
985 1477 1122 1560 populo.

72 1580 266 1664 Sequehdtur
279 1586 383 1645 antem
395 1581 504 1644 lesum
519 1580 628 1642 Simon
640 1581 771 1659 Petrus,
790 1585 823 1643 et
839 1580 919 1643 alius
934 1580 1121 1665 discipulus.

72 1686 252 1771 Discipulua
268 1692 375 1750 autem
393 1685 446 1749 illc
464 1692 532 1749 erat
547 1691 643 1748 notus
659 1685 827 1766 Pontifici,
844 1693 876 1750 et
890 1687 1035 1752 introivit
1050 1708 1124 1754 cum

72 1793 142 1857 lesu
163 1794 199 1856 in
215 1792 331 1856 atrium
354 1790 531 1856 Pontificis.
554 1794 668 1854 Petrus
686 1799 791 1855 autam
816 1793 920 1857 stabat
941 1793 983 1857 ad
1005 1797 1124 1860 ostium

73 1897 157 1962 ioris.
176 1899 282 1962 Exiuit
293 1915 370 1979 crgo
387 1897 560 1980 discipulus
573 1898 675 1977 alius,
692 1899 747 1981 qui
763 1905 830 1963 emt
846 1905 941 1963 notus
953 1902 1122 1984 Pontifici,

72 2009 102 2066 at
119 2003 200 2069 dixit
225 2005 381 2083 calidum,
403 2010 436 2067 at
457 2002 634 2067 introduxit
654 2006 795 2068 Petrum.
822 2005 908 2069 Dicit
931 2024 1008 2089 ergo
1026 2011 1122 2074 Petro

71 2110 183 2174 aneilla
207 2110 359 2174 ostidria:
383 2109 546 2192 Numquid
570 2117 603 2172 et
624 2116 661 2173 tu
684 2129 722 2174 ex
747 2110 908 2194 discipulis
930 2131 963 2176 es
985 2114 1123 2180 hominis

71 2215 185 2280 istius?
200 2216 289 2281 Dicit
298 2215 369 2278 ille:
386 2217 458 2279 Non
471 2235 553 2279 snm.
572 2216 704 2280 Stabant
718 2224 824 2280 autem
839 2221 922 2282 servi
939 2226 971 2284 et
988 2221 1122 2286 ministri

69 2320 107 2385 ad
120 2339 261 2404 prunas,
278 2322 353 2404 quia
364 2321 465 2403 frigus
478 2328 564 2397 erat,
582 2328 614 2385 ct
626 2322 853 2386 calefaciebant
868 2344 918 2388 sa:
936 2333 1004 2390 erat
1016 2335 1123 2392 autem

69 2445 139 2489 cum
162 2425 209 2490 eis
232 2433 265 2491 ct
285 2429 396 2490 Petrus
418 2434 522 2507 stans,
545 2433 577 2490 et
597 2427 782 2492 calefaciens
804 2449 848 2492 sc.
874 2432 1020 2495 Pontifex
1044 2451 1121 2515 argo

68 2533 279 2615 interrogavit
297 2535 404 2596 lesum
424 2532 464 2596 de
486 2532 646 2616 discipulis
668 2535 755 2614 suis,
775 2541 806 2598 et
822 2536 862 2598 da
877 2535 1023 2600 doctrina
1039 2538 1119 2621 ejus.

69 2637 245 2722 Respondit
267 2639 297 2702 ci
313 2641 422 2703 lesus:
445 2641 514 2720 Ego
534 2639 640 2722 palam
662 2641 789 2703 looritus
808 2660 879 2704 sum
897 2642 1039 2706 mundo:
1060 2661 1121 2725 ago

68 2764 193 2829 semper
207 2744 304 2809 docui
316 2746 350 2808 in
367 2748 552 2829 synagoga,
567 2753 598 2809 et
610 2747 643 2809 in
657 2747 798 2829 templo,
813 2766 879 2830 quo
896 2767 1005 2811 omnes
1019 2752 1038 2812 J
1041 2750 1122 2815 udoei

67 2853 282 2917 conveniunt:
297 2854 375 2915 etin
391 2854 519 2916 occulto
531 2852 658 2916 locritus
669 2873 738 2916 sum
751 2853 843 2917 nihil.
861 2854 945 2933 Quid
957 2873 1007 2918 mo
1023 2856 1122 2921 intir-

67 2958 185 3041 rogas?
201 2960 369 3040 Intdrroga
380 2977 455 3037 eos,
473 2960 529 3041 qui
542 2958 710 3022 audierunt
723 2959 801 3042 quid
813 2961 939 3023 locutus
951 2961 1010 3024 sim
1025 2961 1117 3044 ipsis:

68 3082 137 3128 ecce
152 3064 188 3128 hi
202 3064 324 3143 scium,
341 3083 412 3147 quae
427 3065 559 3128 dixerim
576 3083 649 3147 ego.
675 3067 749 3129 llaeo
764 3072 868 3130 autem
886 3086 959 3131 cum
975 3067 1119 3149 dixisset,

67 3188 145 3236 unua
158 3171 308 3235 assistens
321 3172 537 3234 ministrorum
560 3170 647 3235 dedit
669 3172 794 3254 dlapam
811 3175 906 3254 lesu,
923 3173 1054 3238 dicens:
1071 3175 1122 3238 Sic

67 3276 241 3360 respondes
260 3275 442 3341 Pontifici?
464 3276 642 3358 Respondit
662 3279 691 3341 ei
710 3279 823 3341 Jesus:
846 3278 877 3341 Si
896 3279 976 3344 male
995 3280 1122 3344 locritus

67 3400 149 3463 cunr,
164 3384 383 3448 testimduium
397 3382 532 3466 perhibe
550 3381 590 3447 de
605 3383 691 3447 malo
707 3405 715 3446 ε
741 3385 767 3446 si
792 3391 897 3447 autem
912 3385 1018 3464 beno,
1043 3386 1121 3469 quid

67 3507 112 3554 me
122 3489 249 3554 caedis?
263 3491 302 3552 Et
313 3489 398 3553 misit
415 3509 488 3553 eum
502 3492 609 3554 Annas
622 3489 756 3570 ligitum
768 3489 809 3552 ad
822 3491 969 3573 Caipham
982 3491 1121 3556 Pontifi-

66 3613 144 3659 cem.
167 3597 245 3659 Erat
260 3601 364 3659 autem
381 3596 489 3659 Simon
505 3598 619 3659 Petrus
632 3601 736 3673 stans,
752 3602 784 3659 ct
800 3597 983 3660 celelacicus
999 3616 1044 3661 se.
1059 3599 1120 3663 Di-

66 3703 178 3766 xerunt
192 3683 272 3783 ergo
294 3702 321 3764 ai
337 3723 345 3762 ε
364 3701 526 3784 Numquid
543 3709 576 3764 ct
594 3708 629 3765 tu
653 3721 691 3765 ex
713 3701 876 3787 discipulis
890 3701 959 3786 ejus
975 3703 1037 3766 aa?
1054 3706 1120 3768 Ne·
1151 3763 1156 3772 .

65 3806 239 3887 ascititia,
264 3814 296 3870 et
318 3806 414 3871 dixit:
433 3809 504 3872 Non
527 3826 608 3871 sum.
632 3809 718 3871 Dicit
731 3810 760 3871 ci
774 3827 856 3872 unus
872 3828 910 3872 ex
924 3809 1023 3873 servis
1038 3812 1122 3874 Pou-

64 3911 159 3977 tidcis
185 3915 343 3995 cognitus
370 3910 463 3995 ojus,
494 3912 585 3996 cujus
615 3913 751 3977 abscidit
778 3916 891 3978 Petrus
918 3915 1118 3979 auriculam:

64 4016 176 4082 Nonne
190 4035 253 4100 ego
265 4023 299 4081 te
313 4017 380 4082 ridi
395 4020 429 4083 in
448 4018 544 4083 horto
567 4038 639 4083 cum
660 4020 742 4082 illo?
763 4022 884 4084 Iterum
898 4037 977 4101 ergo
994 4024 1123 4104 nagivit

64 4123 196 4190 Petrus:
223 4126 258 4187 et
277 4125 385 4189 statim
405 4125 507 4207 gallus
527 4127 677 4192 conticit.
696 4126 870 4192 Adddcunt
886 4145 963 4210 argo
978 4128 1122 4192 lesuma
