<?xml version="1.0" encoding="UTF-8"?>
<!DOCTYPE html PUBLIC "-//W3C//DTD XHTML 1.0 Transitional//EN"
    "http://www.w3.org/TR/xhtml1/DTD/xhtml1-transitional.dtd">
<html xmlns="http://www.w3.org/1999/xhtml" xml:lang="en" lang="en">
 <head>
  <title>
</title>
<meta http-equiv="Content-Type" content="text/html;charset=utf-8" />
  <meta name='ocr-system' content='tesseract 3.04.00' />
  <meta name='ocr-capabilities' content='ocr_page ocr_carea ocr_par ocr_line ocrx_word'/>
</head>
<body>
  <div class='ocr_page' id='page_1' title='image "./ritualeromanump00churgoog_0025.png"; bbox 0 0 2782 4696; ppageno 0'>
   <div class='ocr_carea' id='block_1_1' title="bbox 168 242 1217 432">
    <p class='ocr_par' dir='ltr' id='par_1_1' title="bbox 168 242 1217 432">
     <span class='ocr_line' id='line_1_1' title="bbox 169 242 861 307; baseline -0.003 -4"><span class='ocrx_word' id='word_1_1' title='bbox 169 242 189 303; x_wconf 77' lang='grc'><strong>8</strong></span> <span class='ocrx_word' id='word_1_2' title='bbox 532 242 653 305; x_wconf 76' lang='lat' dir='ltr'>lliluolo</span> <span class='ocrx_word' id='word_1_3' title='bbox 676 244 861 307; x_wconf 80' lang='lat' dir='ltr'>Romanuin.</span> 
     </span>
     <span class='ocr_line' id='line_1_2' title="bbox 168 350 1217 432; baseline -0.006 -16"><span class='ocrx_word' id='word_1_4' title='bbox 168 371 294 432; x_wconf 76' lang='lat' dir='ltr'>pannon</span> <span class='ocrx_word' id='word_1_5' title='bbox 311 356 433 428; x_wconf 73' lang='lat' dir='ltr'>paloor,</span> <span class='ocrx_word' id='word_1_6' title='bbox 447 361 479 410; x_wconf 88' lang='lat' dir='ltr'>ut</span> <span class='ocrx_word' id='word_1_7' title='bbox 489 353 594 426; x_wconf 76' lang='lat' dir='ltr'><strong>singuli</strong></span> <span class='ocrx_word' id='word_1_8' title='bbox 613 351 759 425; x_wconf 83' lang='lat' dir='ltr'>separatim</span> <span class='ocrx_word' id='word_1_9' title='bbox 778 350 967 424; x_wconf 78' lang='lat' dir='ltr'><strong>baptizentur,</strong></span> <span class='ocrx_word' id='word_1_10' title='bbox 982 352 1050 409; x_wconf 87' lang='lat' dir='ltr'>allas</span> <span class='ocrx_word' id='word_1_11' title='bbox 1062 367 1217 425; x_wconf 81' lang='lat' dir='ltr'>numquam</span> 
     </span>
    </p>
   </div>
   <div class='ocr_carea' id='block_1_2' title="bbox 68 429 391 503">
    <p class='ocr_par' dir='ltr' id='par_1_2' title="bbox 68 429 391 503">
     <span class='ocr_line' id='line_1_3' title="bbox 68 429 391 503; baseline -0.009 -1"><span class='ocrx_word' id='word_1_12' title='bbox 68 429 73 440; x_wconf 71' lang='grc'><strong>’</strong></span> <span class='ocrx_word' id='word_1_13' title='bbox 167 447 234 503; x_wconf 89' lang='lat' dir='ltr'>lioet</span> <span class='ocrx_word' id='word_1_14' title='bbox 251 443 391 502; x_wconf 83' lang='lat' dir='ltr'>adhibere.</span> 
     </span>
    </p>
   </div>
   <div class='ocr_carea' id='block_1_3' title="bbox 96 528 1220 957">
    <p class='ocr_par' dir='ltr' id='par_1_3' title="bbox 96 528 1220 957">
     <span class='ocr_line' id='line_1_4' title="bbox 219 528 1218 606; baseline -0.003 -17"><span class='ocrx_word' id='word_1_15' title='bbox 219 529 340 606; x_wconf 85' lang='lat' dir='ltr'>Quando</span> <span class='ocrx_word' id='word_1_16' title='bbox 360 546 424 587; x_wconf 85' lang='lat' dir='ltr'>vero</span> <span class='ocrx_word' id='word_1_17' title='bbox 442 545 499 586; x_wconf 92' lang='lat' dir='ltr'>non</span> <span class='ocrx_word' id='word_1_18' title='bbox 519 537 562 586; x_wconf 89' lang='lat' dir='ltr'>est</span> <span class='ocrx_word' id='word_1_19' title='bbox 580 535 686 585; x_wconf 86' lang='lat' dir='ltr'>certum</span> <span class='ocrx_word' id='word_1_20' title='bbox 699 569 708 596; x_wconf 96' lang='lat'>,</span> <span class='ocrx_word' id='word_1_21' title='bbox 721 529 751 584; x_wconf 88' lang='lat' dir='ltr'>ln</span> <span class='ocrx_word' id='word_1_22' title='bbox 764 537 889 586; x_wconf 84' lang='lat' dir='ltr'>monstm</span> <span class='ocrx_word' id='word_1_23' title='bbox 910 544 968 586; x_wconf 87' lang='lat' dir='ltr'>esse</span> <span class='ocrx_word' id='word_1_24' title='bbox 984 528 1053 586; x_wconf 88' lang='lat' dir='ltr'>duas</span> <span class='ocrx_word' id='word_1_25' title='bbox 1072 545 1218 605; x_wconf 75' lang='lat' dir='ltr'><strong>personas,</strong></span> 
     </span>
     <span class='ocr_line' id='line_1_5' title="bbox 96 616 1220 694; baseline -0.005 -14"><span class='ocrx_word' id='word_1_26' title='bbox 96 626 100 634; x_wconf 89' lang='lat'>&#39;</span> <span class='ocrx_word' id='word_1_27' title='bbox 166 621 232 694; x_wconf 84' lang='lat' dir='ltr'>qula</span> <span class='ocrx_word' id='word_1_28' title='bbox 251 619 307 677; x_wconf 88' lang='lat' dir='ltr'>duo</span> <span class='ocrx_word' id='word_1_29' title='bbox 326 619 415 693; x_wconf 74' lang='lat' dir='ltr'>capita</span> <span class='ocrx_word' id='word_1_30' title='bbox 433 626 462 675; x_wconf 89' lang='lat' dir='ltr'>et</span> <span class='ocrx_word' id='word_1_31' title='bbox 480 616 536 675; x_wconf 92' lang='lat' dir='ltr'>‹luo</span> <span class='ocrx_word' id='word_1_32' title='bbox 560 625 669 690; x_wconf 76' lang='lat' dir='ltr'><strong>pectora</strong></span> <span class='ocrx_word' id='word_1_33' title='bbox 694 631 751 673; x_wconf 90' lang='lat' dir='ltr'>non</span> <span class='ocrx_word' id='word_1_34' title='bbox 778 616 862 673; x_wconf 85' lang='lat' dir='ltr'>itabat</span> <span class='ocrx_word' id='word_1_35' title='bbox 878 616 1010 675; x_wconf 84' lang='lat' dir='ltr'>distinata</span> <span class='ocrx_word' id='word_1_36' title='bbox 1026 636 1035 687; x_wconf 72' lang='grc' dir='ltr'><strong>ς</strong></span> <span class='ocrx_word' id='word_1_37' title='bbox 1052 626 1121 675; x_wconf 80' lang='grc' dir='ltr'>ωηο</span> <span class='ocrx_word' id='word_1_38' title='bbox 1139 617 1220 675; x_wconf 84' lang='lat' dir='ltr'>debet</span> 
     </span>
     <span class='ocr_line' id='line_1_6' title="bbox 168 705 1218 782; baseline -0.002 -15"><span class='ocrx_word' id='word_1_39' title='bbox 168 711 291 782; x_wconf 88' lang='lat' dir='ltr'>primum</span> <span class='ocrx_word' id='word_1_40' title='bbox 308 724 382 766; x_wconf 89' lang='lat' dir='ltr'>unas</span> <span class='ocrx_word' id='word_1_41' title='bbox 401 707 528 765; x_wconf 84' lang='lat' dir='ltr'>absolute</span> <span class='ocrx_word' id='word_1_42' title='bbox 544 705 700 779; x_wconf 86' lang='lat' dir='ltr'>baptizari,</span> <span class='ocrx_word' id='word_1_43' title='bbox 717 713 746 762; x_wconf 88' lang='lat' dir='ltr'>at</span> <span class='ocrx_word' id='word_1_44' title='bbox 763 714 857 778; x_wconf 88' lang='lat' dir='ltr'>postea</span> <span class='ocrx_word' id='word_1_45' title='bbox 876 707 947 764; x_wconf 86' lang='lat' dir='ltr'>alter</span> <span class='ocrx_word' id='word_1_46' title='bbox 964 707 1018 765; x_wconf 83' lang='lat' dir='ltr'>solt</span> <span class='ocrx_word' id='word_1_47' title='bbox 1038 706 1218 778; x_wconf 86' lang='lat' dir='ltr'>oonditioaa,</span> 
     </span>
     <span class='ocr_line' id='line_1_7' title="bbox 168 793 1220 868; baseline -0.004 -12"><span class='ocrx_word' id='word_1_48' title='bbox 168 797 222 856; x_wconf 86' lang='lat' dir='ltr'>hoe</span> <span class='ocrx_word' id='word_1_49' title='bbox 241 795 344 855; x_wconf 88' lang='lat' dir='ltr'>modo:</span> <span class='ocrx_word' id='word_1_50' title='bbox 366 799 399 854; x_wconf 78' lang='lat' dir='ltr'>Sl</span> <span class='ocrx_word' id='word_1_51' title='bbox 415 811 472 852; x_wconf 80' lang='lat' dir='ltr'>noa</span> <span class='ocrx_word' id='word_1_52' title='bbox 488 811 518 852; x_wconf 80' lang='lat' dir='ltr'>es</span> <span class='ocrx_word' id='word_1_53' title='bbox 537 793 720 868; x_wconf 75' lang='lat' dir='ltr'>baptizatae,</span> <span class='ocrx_word' id='word_1_54' title='bbox 741 808 792 865; x_wconf 75' lang='lat' dir='ltr'>eoo</span> <span class='ocrx_word' id='word_1_55' title='bbox 812 797 840 850; x_wconf 85' lang='lat' dir='ltr'>te</span> <span class='ocrx_word' id='word_1_56' title='bbox 858 794 974 868; x_wconf 74' lang='lat' dir='ltr'>baptiso</span> <span class='ocrx_word' id='word_1_57' title='bbox 992 798 1024 851; x_wconf 76' lang='lat' dir='ltr'>la</span> <span class='ocrx_word' id='word_1_58' title='bbox 1039 798 1154 852; x_wconf 61' lang='lat' dir='ltr'>nomiae</span> <span class='ocrx_word' id='word_1_59' title='bbox 1165 802 1220 852; x_wconf 83' lang='lat' dir='ltr'>Po·</span> 
     </span>
     <span class='ocr_line' id='line_1_8' title="bbox 169 884 708 957; baseline -0.011 -13"><span class='ocrx_word' id='word_1_60' title='bbox 169 888 242 956; x_wconf 76' lang='lat' dir='ltr'>tro,</span> <span class='ocrx_word' id='word_1_61' title='bbox 263 889 293 942; x_wconf 84' lang='lat' dir='ltr'>et</span> <span class='ocrx_word' id='word_1_62' title='bbox 308 884 398 954; x_wconf 68' lang='lat' dir='ltr'>flltt,</span> <span class='ocrx_word' id='word_1_63' title='bbox 417 887 447 940; x_wconf 82' lang='lat' dir='ltr'>al</span> <span class='ocrx_word' id='word_1_64' title='bbox 462 887 588 957; x_wconf 76' lang='lat' dir='ltr'>Spiritus</span> <span class='ocrx_word' id='word_1_65' title='bbox 600 885 708 942; x_wconf 81' lang='lat' dir='ltr'>Sonoll.</span> 
     </span>
    </p>
   </div>
   <div class='ocr_carea' id='block_1_4' title="bbox 580 1064 805 1112">
    <p class='ocr_par' dir='ltr' id='par_1_4' title="bbox 580 1064 805 1112">
     <span class='ocr_line' id='line_1_9' title="bbox 580 1064 805 1112; baseline -0.018 -1"><span class='ocrx_word' id='word_1_66' title='bbox 580 1064 622 1111; x_wconf 70' lang='lat' dir='ltr'>tto</span> <span class='ocrx_word' id='word_1_67' title='bbox 644 1064 805 1112; x_wconf 72' lang='lat' dir='ltr'>Puluttt‘ta.</span> 
     </span>
    </p>
   </div>
   <div class='ocr_carea' id='block_1_5' title="bbox 150 1186 1221 2886">
    <p class='ocr_par' dir='ltr' id='par_1_5' title="bbox 169 1186 1221 1573">
     <span class='ocr_line' id='line_1_10' title="bbox 172 1186 1220 1309; baseline 0.006 -21"><span class='ocrx_word' id='word_1_68' title='bbox 172 1186 352 1305; x_wconf 74' lang='lat' dir='ltr'>parochus,</span> <span class='ocrx_word' id='word_1_69' title='bbox 373 1240 521 1306; x_wconf 77' lang='lat' dir='ltr'>antoqmm</span> <span class='ocrx_word' id='word_1_70' title='bbox 544 1231 579 1290; x_wconf 88' lang='lat' dir='ltr'>ad</span> <span class='ocrx_word' id='word_1_71' title='bbox 602 1232 799 1307; x_wconf 80' lang='lat' dir='ltr'>baptizandum</span> <span class='ocrx_word' id='word_1_72' title='bbox 817 1233 952 1304; x_wconf 62' lang='lat' dir='ltr'>onomat,</span> <span class='ocrx_word' id='word_1_73' title='bbox 971 1233 1006 1291; x_wconf 84' lang='lat' dir='ltr'>ab</span> <span class='ocrx_word' id='word_1_74' title='bbox 1024 1236 1076 1304; x_wconf 87' lang='lat' dir='ltr'>iis,</span> <span class='ocrx_word' id='word_1_75' title='bbox 1095 1235 1131 1291; x_wconf 90' lang='lat' dir='ltr'>ad</span> <span class='ocrx_word' id='word_1_76' title='bbox 1149 1251 1220 1309; x_wconf 84' lang='lat' dir='ltr'>quos</span> 
     </span>
     <span class='ocr_line' id='line_1_11' title="bbox 169 1319 1221 1398; baseline 0 -17"><span class='ocrx_word' id='word_1_77' title='bbox 169 1331 293 1398; x_wconf 78' lang='lat' dir='ltr'>spectat,</span> <span class='ocrx_word' id='word_1_78' title='bbox 306 1321 431 1396; x_wconf 81' lang='lat' dir='ltr'><strong>exquirat</strong></span> <span class='ocrx_word' id='word_1_79' title='bbox 449 1319 617 1394; x_wconf 76' lang='lat' dir='ltr'>diligenter,</span> <span class='ocrx_word' id='word_1_80' title='bbox 637 1337 743 1394; x_wconf 82' lang='lat' dir='ltr'>quem,</span> <span class='ocrx_word' id='word_1_81' title='bbox 763 1322 804 1378; x_wconf 84' lang='lat' dir='ltr'>vel</span> <span class='ocrx_word' id='word_1_82' title='bbox 823 1337 893 1395; x_wconf 86' lang='lat' dir='ltr'>quos</span> <span class='ocrx_word' id='word_1_83' title='bbox 908 1322 1085 1395; x_wconf 83' lang='lat' dir='ltr'>Suseeptoaas</span> <span class='ocrx_word' id='word_1_84' title='bbox 1101 1338 1152 1380; x_wconf 90' lang='lat' dir='ltr'>seu</span> <span class='ocrx_word' id='word_1_85' title='bbox 1169 1325 1221 1381; x_wconf 88' lang='lat' dir='ltr'>Pa-</span> 
     </span>
     <span class='ocr_line' id='line_1_12' title="bbox 169 1407 1221 1484; baseline -0.001 -15"><span class='ocrx_word' id='word_1_86' title='bbox 169 1411 257 1470; x_wconf 86' lang='lat' dir='ltr'>tn&#39;nos</span> <span class='ocrx_word' id='word_1_87' title='bbox 275 1410 427 1484; x_wconf 78' lang='lat' dir='ltr'>elegerint,</span> <span class='ocrx_word' id='word_1_88' title='bbox 447 1411 496 1482; x_wconf 89' lang='lat' dir='ltr'>qui</span> <span class='ocrx_word' id='word_1_89' title='bbox 511 1408 646 1466; x_wconf 75' lang='lat' dir='ltr'>infantum</span> <span class='ocrx_word' id='word_1_90' title='bbox 659 1407 695 1466; x_wconf 88' lang='lat' dir='ltr'>de</span> <span class='ocrx_word' id='word_1_91' title='bbox 707 1424 785 1467; x_wconf 85' lang='lat' dir='ltr'>saoao</span> <span class='ocrx_word' id='word_1_92' title='bbox 797 1411 884 1467; x_wconf 83' lang='lat' dir='ltr'>Fonte</span> <span class='ocrx_word' id='word_1_93' title='bbox 894 1410 1067 1483; x_wconf 76' lang='lat' dir='ltr'>manipiaat,</span> <span class='ocrx_word' id='word_1_94' title='bbox 1079 1426 1115 1466; x_wconf 89' lang='lat' dir='ltr'>na</span> <span class='ocrx_word' id='word_1_95' title='bbox 1127 1410 1221 1483; x_wconf 82' lang='lat' dir='ltr'>pluras</span> 
     </span>
     <span class='ocr_line' id='line_1_13' title="bbox 170 1495 964 1573; baseline -0.001 -18"><span class='ocrx_word' id='word_1_96' title='bbox 170 1514 256 1573; x_wconf 80' lang='lat' dir='ltr'>quam</span> <span class='ocrx_word' id='word_1_97' title='bbox 272 1497 375 1568; x_wconf 90' lang='lat' dir='ltr'>lioaat,</span> <span class='ocrx_word' id='word_1_98' title='bbox 392 1505 441 1555; x_wconf 88' lang='lat' dir='ltr'>aut</span> <span class='ocrx_word' id='word_1_99' title='bbox 458 1495 607 1571; x_wconf 75' lang='lat' dir='ltr'>indignos,</span> <span class='ocrx_word' id='word_1_100' title='bbox 630 1505 680 1554; x_wconf 87' lang='lat' dir='ltr'>aut</span> <span class='ocrx_word' id='word_1_101' title='bbox 699 1497 809 1570; x_wconf 89' lang='lat' dir='ltr'>ineptos</span> <span class='ocrx_word' id='word_1_102' title='bbox 826 1496 964 1554; x_wconf 84' lang='lat' dir='ltr'>admittat.</span> 
     </span>
    </p>

    <p class='ocr_par' dir='ltr' id='par_1_6' title="bbox 168 1584 1221 1834">
     <span class='ocr_line' id='line_1_14' title="bbox 221 1584 1219 1654; baseline 0.001 -12"><span class='ocrx_word' id='word_1_103' title='bbox 221 1586 351 1642; x_wconf 77' lang='lat' dir='ltr'>Petrinus</span> <span class='ocrx_word' id='word_1_104' title='bbox 370 1600 444 1642; x_wconf 87' lang='lat' dir='ltr'>unua</span> <span class='ocrx_word' id='word_1_105' title='bbox 466 1592 594 1653; x_wconf 89' lang='lat' dir='ltr'>tantum,</span> <span class='ocrx_word' id='word_1_106' title='bbox 608 1585 664 1641; x_wconf 81' lang='lat' dir='ltr'>siaa</span> <span class='ocrx_word' id='word_1_107' title='bbox 678 1585 740 1654; x_wconf 83' lang='lat' dir='ltr'>via,</span> <span class='ocrx_word' id='word_1_108' title='bbox 759 1586 816 1641; x_wconf 85' lang='lat' dir='ltr'>sive</span> <span class='ocrx_word' id='word_1_109' title='bbox 833 1584 948 1653; x_wconf 83' lang='lat' dir='ltr'>mulier,</span> <span class='ocrx_word' id='word_1_110' title='bbox 967 1585 1008 1641; x_wconf 82' lang='lat' dir='ltr'>ael</span> <span class='ocrx_word' id='word_1_111' title='bbox 1025 1585 1060 1642; x_wconf 84' lang='lat' dir='ltr'>ad</span> <span class='ocrx_word' id='word_1_112' title='bbox 1078 1602 1219 1643; x_wconf 87' lang='lat' dir='ltr'>summum</span> 
     </span>
     <span class='ocr_line' id='line_1_15' title="bbox 168 1671 1220 1742; baseline -0.002 -11"><span class='ocrx_word' id='word_1_113' title='bbox 168 1689 244 1731; x_wconf 90' lang='lat' dir='ltr'>unus</span> <span class='ocrx_word' id='word_1_114' title='bbox 254 1680 283 1730; x_wconf 90' lang='lat' dir='ltr'>et</span> <span class='ocrx_word' id='word_1_115' title='bbox 293 1688 350 1730; x_wconf 91' lang='lat' dir='ltr'>una</span> <span class='ocrx_word' id='word_1_116' title='bbox 360 1671 563 1740; x_wconf 82' lang='lat' dir='ltr'>adhibeantau,</span> <span class='ocrx_word' id='word_1_117' title='bbox 576 1688 609 1729; x_wconf 83' lang='lat' dir='ltr'>ea</span> <span class='ocrx_word' id='word_1_118' title='bbox 618 1673 735 1730; x_wconf 86' lang='lat' dir='ltr'>Deoreto</span> <span class='ocrx_word' id='word_1_119' title='bbox 750 1673 867 1730; x_wconf 78' lang='lat' dir='ltr'>Consilii</span> <span class='ocrx_word' id='word_1_120' title='bbox 881 1671 1037 1730; x_wconf 76' lang='lat' dir='ltr'>Tridentini</span> <span class='ocrx_word' id='word_1_121' title='bbox 1049 1694 1058 1742; x_wconf 71' lang='grc' dir='ltr'><strong>ς</strong></span> <span class='ocrx_word' id='word_1_122' title='bbox 1072 1673 1123 1730; x_wconf 84' lang='lat' dir='ltr'>sed</span> <span class='ocrx_word' id='word_1_123' title='bbox 1132 1675 1220 1731; x_wconf 84' lang='lat' dir='ltr'>simul</span> 
     </span>
     <span class='ocr_line' id='line_1_16' title="bbox 169 1759 1221 1834; baseline -0.002 -15"><span class='ocrx_word' id='word_1_124' title='bbox 169 1777 227 1819; x_wconf 91' lang='lat' dir='ltr'>non</span> <span class='ocrx_word' id='word_1_125' title='bbox 247 1760 432 1818; x_wconf 85' lang='lat' dir='ltr'>admittantur</span> <span class='ocrx_word' id='word_1_126' title='bbox 452 1759 509 1817; x_wconf 86' lang='lat' dir='ltr'>duo</span> <span class='ocrx_word' id='word_1_127' title='bbox 527 1760 599 1829; x_wconf 84' lang='lat' dir='ltr'>titi,</span> <span class='ocrx_word' id='word_1_128' title='bbox 618 1768 668 1817; x_wconf 87' lang='lat' dir='ltr'>aut</span> <span class='ocrx_word' id='word_1_129' title='bbox 688 1759 752 1817; x_wconf 80' lang='lat' dir='ltr'>duae</span> <span class='ocrx_word' id='word_1_130' title='bbox 769 1761 924 1828; x_wconf 88' lang='lat' dir='ltr'>mulieres,</span> <span class='ocrx_word' id='word_1_131' title='bbox 950 1776 1040 1834; x_wconf 88' lang='lat' dir='ltr'>nequa</span> <span class='ocrx_word' id='word_1_132' title='bbox 1059 1760 1221 1833; x_wconf 85' lang='lat' dir='ltr'>baptizandi</span> 
     </span>
    </p>

    <p class='ocr_par' dir='ltr' id='par_1_7' title="bbox 150 1856 456 1922">
     <span class='ocr_line' id='line_1_17' title="bbox 150 1856 456 1922; baseline -0.013 -12"><span class='ocrx_word' id='word_1_133' title='bbox 150 1906 152 1910; x_wconf 12' lang='grc' dir='ltr'><em>Α</em></span> <span class='ocrx_word' id='word_1_134' title='bbox 172 1858 269 1922; x_wconf 86' lang='lat' dir='ltr'>pater,</span> <span class='ocrx_word' id='word_1_135' title='bbox 292 1856 342 1906; x_wconf 91' lang='lat' dir='ltr'>aut</span> <span class='ocrx_word' id='word_1_136' title='bbox 360 1858 456 1906; x_wconf 85' lang='lat' dir='ltr'>mater.</span> 
     </span>
    </p>

    <p class='ocr_par' dir='ltr' id='par_1_8' title="bbox 170 1936 1221 2097">
     <span class='ocr_line' id='line_1_18' title="bbox 222 1936 1221 2011; baseline 0.001 -17"><span class='ocrx_word' id='word_1_137' title='bbox 222 1939 282 1995; x_wconf 84' lang='lat' dir='ltr'>llos</span> <span class='ocrx_word' id='word_1_138' title='bbox 303 1945 396 1995; x_wconf 88' lang='lat' dir='ltr'>autem</span> <span class='ocrx_word' id='word_1_139' title='bbox 410 1937 538 1995; x_wconf 82' lang='lat' dir='ltr'>Patrinos</span> <span class='ocrx_word' id='word_1_140' title='bbox 555 1936 654 1994; x_wconf 87' lang='lat' dir='ltr'>saltem</span> <span class='ocrx_word' id='word_1_141' title='bbox 667 1938 698 1992; x_wconf 93' lang='lat' dir='ltr'>ln</span> <span class='ocrx_word' id='word_1_142' title='bbox 716 1944 797 1994; x_wconf 80' lang='lat' dir='ltr'>atate</span> <span class='ocrx_word' id='word_1_143' title='bbox 816 1937 987 2011; x_wconf 80' lang='lat' dir='ltr'>pubertatis,</span> <span class='ocrx_word' id='word_1_144' title='bbox 999 1953 1031 1996; x_wconf 88' lang='lat' dir='ltr'>ao</span> <span class='ocrx_word' id='word_1_145' title='bbox 1042 1939 1221 1996; x_wconf 80' lang='lat' dir='ltr'>sacramanto</span> 
     </span>
     <span class='ocr_line' id='line_1_19' title="bbox 170 2025 980 2097; baseline -0.001 -15"><span class='ocrx_word' id='word_1_146' title='bbox 170 2025 394 2082; x_wconf 81' lang='lat' dir='ltr'>Confirmationis</span> <span class='ocrx_word' id='word_1_147' title='bbox 414 2025 590 2097; x_wconf 76' lang='lat' dir='ltr'>oonsignatos</span> <span class='ocrx_word' id='word_1_148' title='bbox 609 2040 685 2092; x_wconf 88' lang='lat' dir='ltr'>esse,</span> <span class='ocrx_word' id='word_1_149' title='bbox 706 2026 826 2082; x_wconf 79' lang='lat' dir='ltr'>maxime</span> <span class='ocrx_word' id='word_1_150' title='bbox 843 2027 980 2082; x_wconf 85' lang='lat' dir='ltr'>convenit.</span> 
     </span>
    </p>

    <p class='ocr_par' dir='ltr' id='par_1_9' title="bbox 167 2111 1220 2626">
     <span class='ocr_line' id='line_1_20' title="bbox 222 2111 1220 2184; baseline 0.002 -16"><span class='ocrx_word' id='word_1_151' title='bbox 222 2112 318 2168; x_wconf 88' lang='lat' dir='ltr'>Soiaat</span> <span class='ocrx_word' id='word_1_152' title='bbox 337 2120 468 2184; x_wconf 81' lang='lat' dir='ltr'>praeterea</span> <span class='ocrx_word' id='word_1_153' title='bbox 485 2112 623 2183; x_wconf 83' lang='lat' dir='ltr'>Panoohi,</span> <span class='ocrx_word' id='word_1_154' title='bbox 643 2111 679 2169; x_wconf 89' lang='lat' dir='ltr'>ad</span> <span class='ocrx_word' id='word_1_155' title='bbox 692 2112 745 2169; x_wconf 85' lang='lat' dir='ltr'>hoo</span> <span class='ocrx_word' id='word_1_156' title='bbox 763 2129 865 2170; x_wconf 88' lang='lat' dir='ltr'>munus</span> <span class='ocrx_word' id='word_1_157' title='bbox 879 2129 935 2170; x_wconf 93' lang='lat' dir='ltr'>non</span> <span class='ocrx_word' id='word_1_158' title='bbox 956 2129 1015 2171; x_wconf 87' lang='lat' dir='ltr'>esse</span> <span class='ocrx_word' id='word_1_159' title='bbox 1032 2112 1220 2172; x_wconf 84' lang='lat' dir='ltr'>admittendos</span> 
     </span>
     <span class='ocr_line' id='line_1_21' title="bbox 167 2197 1219 2272; baseline 0.002 -16"><span class='ocrx_word' id='word_1_160' title='bbox 167 2198 296 2256; x_wconf 87' lang='lat' dir='ltr'>inlidelea</span> <span class='ocrx_word' id='word_1_161' title='bbox 307 2240 315 2268; x_wconf 93' lang='lat'>,</span> <span class='ocrx_word' id='word_1_162' title='bbox 328 2206 378 2255; x_wconf 90' lang='lat' dir='ltr'>aut</span> <span class='ocrx_word' id='word_1_163' title='bbox 396 2197 559 2267; x_wconf 76' lang='lat' dir='ltr'>ltaereuoos,</span> <span class='ocrx_word' id='word_1_164' title='bbox 579 2215 636 2256; x_wconf 91' lang='lat' dir='ltr'>non</span> <span class='ocrx_word' id='word_1_165' title='bbox 653 2198 763 2272; x_wconf 84' lang='lat' dir='ltr'>publiea</span> <span class='ocrx_word' id='word_1_166' title='bbox 781 2199 1052 2268; x_wconf 79' lang='lat' dir='ltr'>excommunicatos,</span> <span class='ocrx_word' id='word_1_167' title='bbox 1066 2209 1116 2257; x_wconf 89' lang='lat' dir='ltr'>aut</span> <span class='ocrx_word' id='word_1_168' title='bbox 1131 2203 1219 2258; x_wconf 87' lang='lat' dir='ltr'>inter·</span> 
     </span>
     <span class='ocr_line' id='line_1_22' title="bbox 171 2285 1220 2361; baseline 0.004 -19"><span class='ocrx_word' id='word_1_169' title='bbox 171 2285 279 2356; x_wconf 85' lang='lat' dir='ltr'>dlotoa,</span> <span class='ocrx_word' id='word_1_170' title='bbox 297 2301 354 2343; x_wconf 92' lang='lat' dir='ltr'>non</span> <span class='ocrx_word' id='word_1_171' title='bbox 373 2285 483 2360; x_wconf 83' lang='lat' dir='ltr'>publiea</span> <span class='ocrx_word' id='word_1_172' title='bbox 507 2286 691 2357; x_wconf 73' lang='lat' dir='ltr'>omminosoa,</span> <span class='ocrx_word' id='word_1_173' title='bbox 711 2295 760 2344; x_wconf 89' lang='lat' dir='ltr'>aut</span> <span class='ocrx_word' id='word_1_174' title='bbox 777 2287 920 2356; x_wconf 79' lang='lat' dir='ltr'>infames,</span> <span class='ocrx_word' id='word_1_175' title='bbox 943 2303 996 2345; x_wconf 85' lang='lat' dir='ltr'>neo</span> <span class='ocrx_word' id='word_1_176' title='bbox 1014 2296 1144 2360; x_wconf 70' lang='lat' dir='ltr'>praterea</span> <span class='ocrx_word' id='word_1_177' title='bbox 1171 2291 1220 2361; x_wconf 85' lang='lat' dir='ltr'>qul</span> 
     </span>
     <span class='ocr_line' id='line_1_23' title="bbox 168 2374 1219 2450; baseline 0.003 -19"><span class='ocrx_word' id='word_1_178' title='bbox 168 2389 237 2431; x_wconf 84' lang='lat' dir='ltr'>sana</span> <span class='ocrx_word' id='word_1_179' title='bbox 256 2382 348 2431; x_wconf 87' lang='lat' dir='ltr'>mento</span> <span class='ocrx_word' id='word_1_180' title='bbox 365 2390 423 2431; x_wconf 93' lang='lat' dir='ltr'>non</span> <span class='ocrx_word' id='word_1_181' title='bbox 440 2382 524 2443; x_wconf 90' lang='lat' dir='ltr'>sunt,</span> <span class='ocrx_word' id='word_1_182' title='bbox 541 2390 632 2448; x_wconf 83' lang='lat' dir='ltr'>neque</span> <span class='ocrx_word' id='word_1_183' title='bbox 652 2377 702 2448; x_wconf 86' lang='lat' dir='ltr'>qui</span> <span class='ocrx_word' id='word_1_184' title='bbox 724 2375 854 2450; x_wconf 78' lang='lat' dir='ltr'>ignorant</span> <span class='ocrx_word' id='word_1_185' title='bbox 870 2375 1028 2434; x_wconf 83' lang='lat' dir='ltr'>rudimenta</span> <span class='ocrx_word' id='word_1_186' title='bbox 1045 2374 1134 2433; x_wconf 87' lang='lat' dir='ltr'>Fidei.</span> <span class='ocrx_word' id='word_1_187' title='bbox 1152 2379 1219 2434; x_wconf 81' lang='lat' dir='ltr'>llaec</span> 
     </span>
     <span class='ocr_line' id='line_1_24' title="bbox 168 2462 1219 2538; baseline 0.001 -17"><span class='ocrx_word' id='word_1_188' title='bbox 168 2463 245 2523; x_wconf 87' lang='lat' dir='ltr'>enlm</span> <span class='ocrx_word' id='word_1_189' title='bbox 263 2464 369 2520; x_wconf 84' lang='lat' dir='ltr'>Patrini</span> <span class='ocrx_word' id='word_1_190' title='bbox 387 2463 547 2537; x_wconf 72' lang='lat' dir='ltr'>spirituales</span> <span class='ocrx_word' id='word_1_191' title='bbox 564 2462 638 2522; x_wconf 80' lang='lat' dir='ltr'>ilios</span> <span class='ocrx_word' id='word_1_192' title='bbox 655 2479 743 2532; x_wconf 87' lang='lat' dir='ltr'>suos,</span> <span class='ocrx_word' id='word_1_193' title='bbox 762 2480 833 2538; x_wconf 88' lang='lat' dir='ltr'>quos</span> <span class='ocrx_word' id='word_1_194' title='bbox 853 2464 889 2522; x_wconf 88' lang='lat' dir='ltr'>de</span> <span class='ocrx_word' id='word_1_195' title='bbox 908 2465 1043 2537; x_wconf 82' lang='lat' dir='ltr'>Baptiami</span> <span class='ocrx_word' id='word_1_196' title='bbox 1069 2463 1145 2521; x_wconf 80' lang='lat' dir='ltr'>fonte</span> <span class='ocrx_word' id='word_1_197' title='bbox 1171 2481 1219 2522; x_wconf 91' lang='lat' dir='ltr'>su·</span> 
     </span>
     <span class='ocr_line' id='line_1_25' title="bbox 170 2550 1059 2626; baseline 0.001 -18"><span class='ocrx_word' id='word_1_198' title='bbox 170 2551 327 2625; x_wconf 84' lang='lat' dir='ltr'>soepeaint,</span> <span class='ocrx_word' id='word_1_199' title='bbox 345 2552 393 2610; x_wconf 81' lang='lat' dir='ltr'>ulti</span> <span class='ocrx_word' id='word_1_200' title='bbox 412 2567 483 2626; x_wconf 88' lang='lat' dir='ltr'>opus</span> <span class='ocrx_word' id='word_1_201' title='bbox 505 2550 607 2621; x_wconf 83' lang='lat' dir='ltr'>fuerit,</span> <span class='ocrx_word' id='word_1_202' title='bbox 630 2562 784 2626; x_wconf 85' lang='lat' dir='ltr'>opportune</span> <span class='ocrx_word' id='word_1_203' title='bbox 801 2552 900 2610; x_wconf 84' lang='lat' dir='ltr'>‹looaaa</span> <span class='ocrx_word' id='word_1_204' title='bbox 917 2561 1059 2618; x_wconf 72' lang='lat' dir='ltr'>tenantur,</span> 
     </span>
    </p>

    <p class='ocr_par' dir='ltr' id='par_1_10' title="bbox 168 2639 1220 2886">
     <span class='ocr_line' id='line_1_26' title="bbox 223 2639 1220 2710; baseline 0.001 -13"><span class='ocrx_word' id='word_1_205' title='bbox 223 2641 356 2698; x_wconf 82' lang='lat' dir='ltr'>Praetonea</span> <span class='ocrx_word' id='word_1_206' title='bbox 374 2640 409 2697; x_wconf 90' lang='lat' dir='ltr'>ad</span> <span class='ocrx_word' id='word_1_207' title='bbox 422 2639 474 2698; x_wconf 87' lang='lat' dir='ltr'>hoo</span> <span class='ocrx_word' id='word_1_208' title='bbox 493 2640 577 2698; x_wconf 88' lang='lat' dir='ltr'>etiam</span> <span class='ocrx_word' id='word_1_209' title='bbox 598 2639 708 2698; x_wconf 80' lang='lat' dir='ltr'>admitti</span> <span class='ocrx_word' id='word_1_210' title='bbox 724 2656 782 2698; x_wconf 91' lang='lat' dir='ltr'>non</span> <span class='ocrx_word' id='word_1_211' title='bbox 802 2640 904 2698; x_wconf 77' lang='lat' dir='ltr'>(labem</span> <span class='ocrx_word' id='word_1_212' title='bbox 920 2640 1070 2710; x_wconf 76' lang='lat' dir='ltr'>Munatii,</span> <span class='ocrx_word' id='word_1_213' title='bbox 1090 2641 1133 2698; x_wconf 83' lang='lat' dir='ltr'>vel</span> <span class='ocrx_word' id='word_1_214' title='bbox 1151 2642 1220 2699; x_wconf 90' lang='lat' dir='ltr'>San·</span> 
     </span>
     <span class='ocr_line' id='line_1_27' title="bbox 171 2726 1220 2801; baseline 0.003 -18"><span class='ocrx_word' id='word_1_215' title='bbox 171 2727 364 2796; x_wconf 67' lang='lat' dir='ltr'>simonialis,</span> <span class='ocrx_word' id='word_1_216' title='bbox 385 2742 475 2800; x_wconf 84' lang='lat' dir='ltr'>neque</span> <span class='ocrx_word' id='word_1_217' title='bbox 498 2727 546 2785; x_wconf 89' lang='lat' dir='ltr'>alii</span> <span class='ocrx_word' id='word_1_218' title='bbox 564 2727 686 2800; x_wconf 70' lang='lat' dir='ltr'>cuiusvis</span> <span class='ocrx_word' id='word_1_219' title='bbox 708 2726 822 2786; x_wconf 84' lang='lat' dir='ltr'>Ordinis</span> <span class='ocrx_word' id='word_1_220' title='bbox 844 2727 996 2801; x_wconf 77' lang='lat' dir='ltr'>Regulanas</span> <span class='ocrx_word' id='word_1_221' title='bbox 1013 2744 1030 2786; x_wconf 90' lang='lat' dir='ltr'>a</span> <span class='ocrx_word' id='word_1_222' title='bbox 1046 2729 1157 2786; x_wconf 79' lang='lat' dir='ltr'>saeculo</span> <span class='ocrx_word' id='word_1_223' title='bbox 1175 2744 1220 2786; x_wconf 90' lang='lat' dir='ltr'>se·</span> 
     </span>
     <span class='ocr_line' id='line_1_28' title="bbox 168 2815 283 2886; baseline 0 -16"><span class='ocrx_word' id='word_1_224' title='bbox 168 2815 283 2886; x_wconf 78' lang='lat' dir='ltr'>gregati.</span> 
     </span>
    </p>
   </div>
   <div class='ocr_carea' id='block_1_6' title="bbox 350 3003 1024 3170">
    <p class='ocr_par' dir='ltr' id='par_1_11' title="bbox 350 3003 1024 3170">
     <span class='ocr_line' id='line_1_29' title="bbox 350 3003 1024 3054; baseline -0.001 -2"><span class='ocrx_word' id='word_1_225' title='bbox 350 3007 392 3053; x_wconf 91' lang='lat' dir='ltr'>na</span> <span class='ocrx_word' id='word_1_226' title='bbox 414 3005 568 3054; x_wconf 76' lang='lat' dir='ltr'>nantaoao</span> <span class='ocrx_word' id='word_1_227' title='bbox 591 3003 631 3051; x_wconf 75' lang='lat' dir='ltr'>aa</span> <span class='ocrx_word' id='word_1_228' title='bbox 654 3003 739 3054; x_wconf 78' lang='lat' dir='ltr'>noco</span> <span class='ocrx_word' id='word_1_229' title='bbox 760 3005 1024 3054; x_wconf 76' lang='lat' dir='ltr'>anutntsnnsnnt</span> 
     </span>
     <span class='ocr_line' id='line_1_30' title="bbox 587 3111 913 3170; baseline 0 -13"><span class='ocrx_word' id='word_1_230' title='bbox 587 3111 791 3161; x_wconf 73' lang='lat' dir='ltr'>atetlanum.</span> <span class='ocrx_word' id='word_1_231' title='bbox 911 3167 913 3170; x_wconf 40' lang='grc'>,</span> 
     </span>
    </p>
   </div>
   <div class='ocr_carea' id='block_1_7' title="bbox 166 3216 1222 4100">
    <p class='ocr_par' dir='ltr' id='par_1_12' title="bbox 166 3216 1222 4100">
     <span class='ocr_line' id='line_1_31' title="bbox 168 3216 1220 3396; baseline 0.003 -88"><span class='ocrx_word' id='word_1_232' title='bbox 168 3216 327 3396; x_wconf 60' lang='lat' dir='ltr'>quamvls</span> <span class='ocrx_word' id='word_1_233' title='bbox 350 3254 507 3325; x_wconf 85' lang='lat' dir='ltr'>Baptismus</span> <span class='ocrx_word' id='word_1_234' title='bbox 528 3254 625 3325; x_wconf 81' lang='lat' dir='ltr'>quovis</span> <span class='ocrx_word' id='word_1_235' title='bbox 649 3260 792 3328; x_wconf 85' lang='lat' dir='ltr'>tempore,</span> <span class='ocrx_word' id='word_1_236' title='bbox 815 3255 899 3311; x_wconf 85' lang='lat' dir='ltr'>etiam</span> <span class='ocrx_word' id='word_1_237' title='bbox 925 3251 1088 3324; x_wconf 80' lang='lat' dir='ltr'>interdicti,</span> <span class='ocrx_word' id='word_1_238' title='bbox 1113 3261 1142 3311; x_wconf 90' lang='lat' dir='ltr'>et</span> <span class='ocrx_word' id='word_1_239' title='bbox 1162 3269 1220 3311; x_wconf 83' lang='lat' dir='ltr'>aaa·</span> 
     </span>
     <span class='ocr_line' id='line_1_32' title="bbox 167 3339 1218 3416; baseline 0.001 -18"><span class='ocrx_word' id='word_1_240' title='bbox 167 3355 197 3398; x_wconf 86' lang='lat' dir='ltr'>aa</span> <span class='ocrx_word' id='word_1_241' title='bbox 211 3340 283 3399; x_wconf 84' lang='lat' dir='ltr'>&#39;onis</span> <span class='ocrx_word' id='word_1_242' title='bbox 295 3354 313 3396; x_wconf 89' lang='lat' dir='ltr'>a.</span> <span class='ocrx_word' id='word_1_243' title='bbox 325 3339 452 3409; x_wconf 85' lang='lat' dir='ltr'>Divinis,</span> <span class='ocrx_word' id='word_1_244' title='bbox 471 3343 621 3415; x_wconf 78' lang='lat' dir='ltr'>prasertim</span> <span class='ocrx_word' id='word_1_245' title='bbox 640 3343 666 3400; x_wconf 87' lang='lat' dir='ltr'>ai</span> <span class='ocrx_word' id='word_1_246' title='bbox 681 3350 779 3416; x_wconf 80' lang='lat' dir='ltr'>augeat</span> <span class='ocrx_word' id='word_1_247' title='bbox 796 3343 962 3412; x_wconf 83' lang='lat' dir='ltr'>naoesaitas,</span> <span class='ocrx_word' id='word_1_248' title='bbox 981 3340 1102 3401; x_wconf 83' lang='lat' dir='ltr'>ooaletri</span> <span class='ocrx_word' id='word_1_249' title='bbox 1112 3343 1218 3415; x_wconf 63' lang='lat' dir='ltr'>possim</span> 
     </span>
     <span class='ocr_line' id='line_1_33' title="bbox 167 3424 1222 3504; baseline 0 -19"><span class='ocrx_word' id='word_1_250' title='bbox 167 3435 261 3486; x_wconf 79' lang='lat' dir='ltr'>umen</span> <span class='ocrx_word' id='word_1_251' title='bbox 285 3424 342 3486; x_wconf 87' lang='lat' dir='ltr'>duo</span> <span class='ocrx_word' id='word_1_252' title='bbox 364 3428 539 3501; x_wconf 88' lang='lat' dir='ltr'>potissimum</span> <span class='ocrx_word' id='word_1_253' title='bbox 558 3446 591 3488; x_wconf 80' lang='lat' dir='ltr'>aa</span> <span class='ocrx_word' id='word_1_254' title='bbox 610 3431 804 3504; x_wconf 79' lang='lat' dir='ltr'>antiquissimo</span> <span class='ocrx_word' id='word_1_255' title='bbox 829 3430 960 3488; x_wconf 81' lang='lat' dir='ltr'>Eoolealae</span> <span class='ocrx_word' id='word_1_256' title='bbox 980 3431 1038 3488; x_wconf 86' lang='lat' dir='ltr'>rita</span> <span class='ocrx_word' id='word_1_257' title='bbox 1060 3431 1134 3488; x_wconf 85' lang='lat' dir='ltr'>saoai</span> <span class='ocrx_word' id='word_1_258' title='bbox 1154 3439 1222 3490; x_wconf 79' lang='lat' dir='ltr'>sum</span> 
     </span>
     <span class='ocr_line' id='line_1_34' title="bbox 167 3510 1220 3588; baseline 0.005 -17"><span class='ocrx_word' id='word_1_259' title='bbox 167 3510 246 3582; x_wconf 81' lang='lat' dir='ltr'>allas,</span> <span class='ocrx_word' id='word_1_260' title='bbox 257 3514 287 3571; x_wconf 92' lang='lat' dir='ltr'>in</span> <span class='ocrx_word' id='word_1_261' title='bbox 299 3514 400 3588; x_wconf 85' lang='lat' dir='ltr'>quibua</span> <span class='ocrx_word' id='word_1_262' title='bbox 416 3516 533 3575; x_wconf 85' lang='lat' dir='ltr'>solemni</span> <span class='ocrx_word' id='word_1_263' title='bbox 553 3519 715 3576; x_wconf 80' lang='lat' dir='ltr'>caeremonia</span> <span class='ocrx_word' id='word_1_264' title='bbox 737 3517 790 3575; x_wconf 84' lang='lat' dir='ltr'>hoo</span> <span class='ocrx_word' id='word_1_265' title='bbox 805 3518 1014 3576; x_wconf 77' lang='lat' dir='ltr'>Sacramentum</span> <span class='ocrx_word' id='word_1_266' title='bbox 1032 3516 1220 3576; x_wconf 83' lang='lat' dir='ltr'>administrati</span> 
     </span>
     <span class='ocr_line' id='line_1_35' title="bbox 166 3603 1219 3678; baseline 0.005 -19"><span class='ocrx_word' id='word_1_267' title='bbox 166 3603 286 3660; x_wconf 81' lang='lat' dir='ltr'>maxima</span> <span class='ocrx_word' id='word_1_268' title='bbox 304 3605 449 3661; x_wconf 82' lang='lat' dir='ltr'>oonoenit:</span> <span class='ocrx_word' id='word_1_269' title='bbox 472 3620 571 3678; x_wconf 89' lang='lat' dir='ltr'>nempe</span> <span class='ocrx_word' id='word_1_270' title='bbox 592 3605 742 3663; x_wconf 86' lang='lat' dir='ltr'>Sabbatum</span> <span class='ocrx_word' id='word_1_271' title='bbox 763 3606 897 3663; x_wconf 82' lang='lat' dir='ltr'>sanetum</span> <span class='ocrx_word' id='word_1_272' title='bbox 919 3605 1050 3673; x_wconf 79' lang='lat' dir='ltr'>Paschae,</span> <span class='ocrx_word' id='word_1_273' title='bbox 1068 3615 1098 3662; x_wconf 88' lang='lat' dir='ltr'>et</span> <span class='ocrx_word' id='word_1_274' title='bbox 1113 3605 1219 3664; x_wconf 80' lang='lat' dir='ltr'>Sabba-</span> 
     </span>
     <span class='ocr_line' id='line_1_36' title="bbox 167 3691 1218 3767; baseline 0.003 -20"><span class='ocrx_word' id='word_1_275' title='bbox 167 3695 228 3747; x_wconf 86' lang='lat' dir='ltr'>tum</span> <span class='ocrx_word' id='word_1_276' title='bbox 248 3691 423 3749; x_wconf 84' lang='lat' dir='ltr'>Panteoostes</span> <span class='ocrx_word' id='word_1_277' title='bbox 435 3732 444 3761; x_wconf 90' lang='lat'>,</span> <span class='ocrx_word' id='word_1_278' title='bbox 457 3692 559 3765; x_wconf 89' lang='lat' dir='ltr'>quibus</span> <span class='ocrx_word' id='word_1_279' title='bbox 578 3691 676 3750; x_wconf 82' lang='lat' dir='ltr'>diebus</span> <span class='ocrx_word' id='word_1_280' title='bbox 692 3692 867 3766; x_wconf 86' lang='lat' dir='ltr'>Baptismalls</span> <span class='ocrx_word' id='word_1_281' title='bbox 884 3694 982 3751; x_wconf 88' lang='lat' dir='ltr'>Fontis</span> <span class='ocrx_word' id='word_1_282' title='bbox 1002 3709 1075 3767; x_wconf 84' lang='lat' dir='ltr'>aqua</span> <span class='ocrx_word' id='word_1_283' title='bbox 1087 3693 1140 3751; x_wconf 83' lang='lat' dir='ltr'>rita</span> <span class='ocrx_word' id='word_1_284' title='bbox 1151 3710 1218 3750; x_wconf 90' lang='lat' dir='ltr'>oon·</span> 
     </span>
     <span class='ocr_line' id='line_1_37' title="bbox 166 3778 1219 3853; baseline 0.005 -20"><span class='ocrx_word' id='word_1_285' title='bbox 166 3785 299 3834; x_wconf 84' lang='lat' dir='ltr'>secratur.</span> <span class='ocrx_word' id='word_1_286' title='bbox 322 3778 412 3851; x_wconf 86' lang='lat' dir='ltr'>Quem</span> <span class='ocrx_word' id='word_1_287' title='bbox 433 3781 541 3849; x_wconf 76' lang='lat' dir='ltr'>tinam,</span> <span class='ocrx_word' id='word_1_288' title='bbox 558 3788 696 3852; x_wconf 70' lang='lat' dir='ltr'>quawnus</span> <span class='ocrx_word' id='word_1_289' title='bbox 717 3779 778 3838; x_wconf 82' lang='lat' dir='ltr'>lieni</span> <span class='ocrx_word' id='word_1_290' title='bbox 801 3779 947 3839; x_wconf 82' lang='lat' dir='ltr'>oommotlo</span> <span class='ocrx_word' id='word_1_291' title='bbox 963 3788 1052 3853; x_wconf 82' lang='lat' dir='ltr'>potest</span> <span class='ocrx_word' id='word_1_292' title='bbox 1066 3781 1098 3839; x_wconf 88' lang='lat' dir='ltr'>ln</span> <span class='ocrx_word' id='word_1_293' title='bbox 1115 3779 1219 3840; x_wconf 67' lang='lat' dir='ltr'>adulffl</span> 
     </span>
     <span class='ocr_line' id='line_1_38' title="bbox 166 3862 1222 3942; baseline 0.007 -21"><span class='ocrx_word' id='word_1_294' title='bbox 166 3862 361 3937; x_wconf 83' lang='lat' dir='ltr'>baptizandis,</span> <span class='ocrx_word' id='word_1_295' title='bbox 388 3868 442 3924; x_wconf 88' lang='lat' dir='ltr'>nisi</span> <span class='ocrx_word' id='word_1_296' title='bbox 461 3868 524 3925; x_wconf 79' lang='lat' dir='ltr'>site</span> <span class='ocrx_word' id='word_1_297' title='bbox 545 3868 701 3942; x_wconf 84' lang='lat' dir='ltr'>perieulum</span> <span class='ocrx_word' id='word_1_298' title='bbox 725 3869 897 3938; x_wconf 88' lang='lat' dir='ltr'>immineat,</span> <span class='ocrx_word' id='word_1_299' title='bbox 916 3869 1029 3927; x_wconf 80' lang='lat' dir='ltr'>retineri</span> <span class='ocrx_word' id='word_1_300' title='bbox 1050 3868 1147 3937; x_wconf 86' lang='lat' dir='ltr'>deoat,</span> <span class='ocrx_word' id='word_1_301' title='bbox 1171 3877 1222 3928; x_wconf 88' lang='lat' dir='ltr'>aut</span> 
     </span>
     <span class='ocr_line' id='line_1_39' title="bbox 167 3953 1219 4031; baseline 0.006 -23"><span class='ocrx_word' id='word_1_302' title='bbox 167 3959 242 4010; x_wconf 81' lang='lat' dir='ltr'>certe</span> <span class='ocrx_word' id='word_1_303' title='bbox 254 3968 311 4009; x_wconf 92' lang='lat' dir='ltr'>non</span> <span class='ocrx_word' id='word_1_304' title='bbox 330 3953 445 4011; x_wconf 87' lang='lat' dir='ltr'>omnino</span> <span class='ocrx_word' id='word_1_305' title='bbox 458 3956 651 4027; x_wconf 77' lang='lat' dir='ltr'>praetermitti,</span> <span class='ocrx_word' id='word_1_306' title='bbox 664 3956 800 4031; x_wconf 82' lang='lat' dir='ltr'>praeeipua</span> <span class='ocrx_word' id='word_1_307' title='bbox 811 3955 841 4015; x_wconf 85' lang='lat' dir='ltr'>ia</span> <span class='ocrx_word' id='word_1_308' title='bbox 852 3955 1088 4030; x_wconf 82' lang='lat' dir='ltr'>lletropolitania,</span> <span class='ocrx_word' id='word_1_309' title='bbox 1102 3964 1152 4015; x_wconf 90' lang='lat' dir='ltr'>aut</span> <span class='ocrx_word' id='word_1_310' title='bbox 1168 3957 1219 4014; x_wconf 85' lang='lat' dir='ltr'>Ca·</span> 
     </span>
     <span class='ocr_line' id='line_1_40' title="bbox 166 4037 502 4100; baseline 0.006 -5"><span class='ocrx_word' id='word_1_311' title='bbox 166 4037 339 4096; x_wconf 80' lang='lat' dir='ltr'>tluatlaallltus</span> <span class='ocrx_word' id='word_1_312' title='bbox 360 4041 502 4100; x_wconf 67' lang='lat' dir='ltr'>Podalia</span> 
     </span>
    </p>
   </div>
   <div class='ocr_carea' id='block_1_8' title="bbox 0 0 1396 4696">
    <p class='ocr_par' dir='ltr' id='par_1_13' title="bbox 0 0 1396 4696">
     <span class='ocr_line' id='line_1_41' title="bbox 0 0 1396 4696; baseline 0 0"><span class='ocrx_word' id='word_1_313' title='bbox 0 0 1396 4696; x_wconf 95' lang='lat' dir='ltr'> </span> 
     </span>
    </p>
   </div>
  </div>
 </body>
</html>
