2812 5070
372 420 482 516 llll
537 413 990 529 EXEQUHS

587 667 774 725 W

155 896 273 1002 Sacros
289 941 474 1003 ammonias
492 955 525 997 ae
543 940 635 1007 ritus,
656 933 758 1012 quibus
775 948 809 994 ex
827 937 1020 1009 antiquissima
1043 936 1208 1007 traditione,

155 1037 183 1090 st
191 1032 374 1088 summorum
391 1029 558 1088 Pontificum
575 1026 710 1085 instimtis
722 1032 818 1083 sancta
830 1033 918 1082 mater
928 1025 1051 1084 Ecclesia
1068 1026 1210 1084 catholica

155 1118 185 1178 ln
210 1118 336 1178 filiorum
361 1133 477 1177 suornm
495 1116 617 1191 exequiis
639 1116 682 1173 uti
708 1115 803 1184 solet,
823 1122 965 1187 tamquam
985 1129 1048 1172 vcra
1068 1115 1211 1189 religionis

155 1207 306 1282 namma,
322 1205 541 1278 Cbmuanaeque
559 1201 669 1278 pietatis
685 1203 765 1275 signa
777 1240 785 1272 ,
797 1210 827 1258 et
836 1200 962 1259 fidelium
979 1210 1153 1261 mortuorum
1168 1219 1212 1261 aa·

155 1294 308 1354 lnberrim
324 1293 480 1369 amasia,
498 1291 616 1350 Paroebi
631 1306 743 1350 summo
755 1289 850 1349 studio
865 1306 973 1350 aurare
987 1290 1110 1362 debent,
1129 1300 1213 1368 atque

155 1395 210 1442 ur
230 1382 361 1440 retinere.

208 1470 264 1527 iiis
281 1469 376 1543 itaque
392 1467 582 1542 praetendis,
602 1482 658 1542 qua
676 1482 726 1541 par
743 1473 786 1525 est
803 1464 936 1524 modestia
957 1482 989 1523 ac
1007 1465 1152 1524 devotione
1172 1468 1212 1524 ita

155 1570 188 1618 se
201 1557 368 1626 habebunt,
389 1565 424 1616 nt
440 1556 476 1615 ad
493 1555 690 1615 defunctorum
707 1555 826 1613 salutem
847 1595 855 1624 ,
878 1555 1019 1628 simulque
1036 1554 1072 1613 ad
1090 1555 1213 1614 vivomm

155 1645 310 1720 plattein,
332 1644 568 1719 quemadmodum
585 1659 647 1701 vere
664 1651 751 1713 sunt,
773 1659 831 1701 non
855 1641 891 1701 ad
913 1650 1050 1716 quaesmm
1074 1643 1213 1718 ejusmodi

156 1735 229 1794 ritas
247 1736 338 1793 aneti
355 1735 477 1792 inrutmi
496 1749 556 1792 esse
573 1732 731 1792 videantur.

208 1824 327 1881 Nullum
346 1837 446 1897 eorpus
465 1823 636 1896 sepeliatur,
653 1821 806 1895 prasertim
826 1821 851 1878 sl
870 1836 944 1878 mors
958 1820 1213 1894 repentinnfuerlt,

157 1909 213 1970 ubi
225 1919 290 1984 post
300 1909 426 1968 debitum
441 1910 574 1984 temporis
593 1909 769 1967 intervalium
783 1950 792 1979 ,
804 1917 838 1966 nt
847 1909 944 1967 nullus
954 1909 1069 1967 omnino
1079 1908 1115 1967 de
1126 1918 1215 1967 morte

157 1998 336 2073 relinquatur
356 1998 506 2057 dubitandi
523 1998 611 2056 locus.

209 2086 295 2160 Quod
311 2087 499 2161 antiquissimi
516 2092 562 2144 est
580 2085 720 2154 instituti,
740 2084 831 2154 illud,
852 2093 988 2158 quanmm
1009 2085 1070 2143 fieri
1093 2087 1214 2160 poterit,

158 2173 328 2245 retineatur,
339 2181 373 2232 nt
382 2176 487 2245 lilaea,
501 2182 635 2248 presente
645 2189 760 2248 corpore
769 2173 912 2244 defuncti,
928 2190 979 2248 pro
994 2190 1027 2234 eo
1045 2174 1216 2245 eelebrsmr,

158 2270 311 2335 enthunm
333 2263 483 2336 sepulturae
501 2261 636 2320 tradatur.

210 2351 244 2407 Si
259 2348 324 2424 qnis
334 2348 459 2409 diefesto
468 2351 505 2408 sit
514 2349 704 2424 sepeliendus,
721 2352 805 2409 llissa
818 2351 927 2425 propria
938 2366 989 2425 pro
999 2351 1140 2410 defunctis
1149 2368 1218 2427 prte-

160 2447 239 2497 tente
248 2455 364 2512 corpore
378 2439 512 2498 celebrari
529 2441 649 2511 poterit3
662 2439 730 2497 dum
744 2447 837 2497 tamen
856 2440 1052 2498 conventualis
1069 2443 1172 2511 Missa,
1189 2450 1219 2499 et

160 2526 260 2585 offleii
271 2527 366 2585 divina
374 2544 433 2586 non
442 2527 630 2600 impediantur
642 2569 650 2594 ,
663 2544 818 2601 magnaque
828 2527 883 2585 diei
894 2528 1039 2586 celebritas
1048 2546 1105 2587 non
1116 2530 1215 2589 obstet.

211 2616 337 2673 &amnt
353 2616 469 2674 omnino
485 2616 621 2682 Parocbi,
638 2615 743 2688 aliique
756 2614 915 2673 Sacerdotes
926 2658 934 2685 ‚
947 2632 982 2674 ne
994 2617 1143 2689 sepulturae
1154 2659 1163 2686 ,
1174 2618 1218 2675 vel

160 2702 362 2777 exequiarum,
381 2719 430 2762 seu
447 2704 627 2762 anniversarii
653 2707 828 2762 Mortuerum
848 2703 933 2760 officii
955 2720 1037 2762 eausa
1063 2705 1217 2780 quidquam

162 2793 361 2863 pacismnmr,
382 2800 432 2850 aut
455 2800 597 2865 tamquam
621 2793 740 2865 pretium
765 2793 895 2866 exignum
914 2791 964 2850 sed
984 2793 1020 2851 ils
1037 2793 1219 2869 eleemosynis

161 2881 286 2938 mntenti
305 2881 381 2950 sint,
400 2897 463 2954 quae
482 2889 532 2938 aut
552 2880 665 2954 probata
686 2880 886 2939 consuetudine
904 2880 964 2938 dari
984 2881 1220 2951 solent,aut0r·

161 2966 288 3026 dinarius
300 2969 484 3026 eonstituerit.
506 2971 602 3042 Neque
619 2970 798 3041 permittant,
815 2977 848 3026 ut
864 2970 949 3043 pallia
963 3010 971 3039 ,
985 2980 1036 3029 aut
1047 2971 1101 3028 alia
1113 2965 1219 3030 ditaris

162 3064 324 3114 ornamenta
340 3055 377 3113 ad
393 3064 522 3114 umatum
544 3055 655 3125 feretri,
674 3057 714 3113 vel
735 3057 839 3115 tumbae
860 3057 1056 3116 adhibeantur.

212 3145 287 3201 Cum
307 3152 400 3202 autem
418 3145 606 3218 antiquissimi
625 3147 695 3201 ritus
710 3145 897 3203 Foclesiastici
914 3148 968 3216 sit,
987 3163 1080 3205 cereos
1091 3164 1221 3206 accensos

165 3231 190 3287 in
210 3232 337 3304 exequiis
356 3238 386 3287 et
402 3229 547 3288 funeribus
566 3230 691 3303 deferre,
710 3243 825 3291 caveant
841 3236 908 3291 item
922 3276 930 3302 ,
946 3250 982 3291 ne
997 3235 1133 3309 ejusmodi
1149 3237 1220 3294 ritus

165 3319 325 3388 omittatur,
347 3335 380 3375 ac
397 3336 433 3377 ne
450 3320 519 3394 quid
538 3336 636 3388 arare,
655 3329 704 3378 nul
722 3321 836 3395 indigne
853 3322 883 3379 in
904 3340 936 3380 eo
954 3326 1156 3383 committatur.

213 3411 353 3480 Pauperes
368 3423 451 3477 vero,
470 3410 572 3482 quibus
591 3411 708 3467 mortuis
725 3411 816 3480 nibil,
837 3421 885 3470 aut
907 3413 944 3470 ita
961 3430 1059 3487 parum
1078 3423 1220 3487 superest,

165 3502 195 3552 nt
212 3496 334 3569 propriis
353 3496 485 3569 impensis
500 3498 610 3554 humari
628 3514 685 3554 non
703 3500 829 3569 possint,
851 3501 936 3572 gratis
954 3501 1070 3560 omnino
1086 3502 1223 3576 sepelian-

166 3589 232 3652 tur3
252 3599 287 3638 ao
307 3583 400 3640 debita
421 3584 528 3641 lumina
549 3586 608 3642 suis
628 3587 783 3658 impensis,
802 3589 826 3645 si
848 3605 919 3661 opus
941 3588 1049 3658 fuerit,
1071 3590 1223 3648 adhibeant

165 3670 349 3740 Sacerdotes,
369 3671 405 3728 ad
423 3688 494 3745 quos
512 3672 638 3730 defuncti
663 3689 729 3730 eura
754 3677 892 3748 pertinet,
911 3677 953 3734 vel
972 3678 1065 3750 aliqua
1084 3677 1129 3751 pia
1147 3680 1221 3735 Con·

166 3757 345 3827 fraternitas,
365 3760 391 3815 si
410 3759 516 3828 fuerit,
533 3761 613 3833 juxta
630 3762 685 3819 loci
702 3763 945 3822 consuetudinem.

215 3846 275 3904 Ubi
287 3847 362 3920 viget
379 3849 495 3920 antiqua
507 3849 680 3906 consuetudo
691 3851 844 3922 sepeliendi
856 3860 981 3910 mortuos
995 3852 1025 3909 in
1036 3853 1220 3926 coemeteriis,

166 3937 339 4003 retineamr3
358 3944 386 3993 et
404 3938 454 3994 nbi
474 3940 534 3995 lieri
554 3947 664 4012 potest,
686 3941 867 3999 restituatur:
888 3950 918 3998 at
937 3958 1001 4000 rere
1019 3943 1065 4000 cui
1082 3943 1161 4000 locus
1178 3959 1224 4001 se·

165 4026 287 4099 pnltnrae
305 4025 421 4084 dabitur
437 4027 468 4084 in
487 4028 627 4096 Ecclesia,
649 4029 730 4087 lrumi
748 4039 856 4089 tantum
868 4029 959 4090 detur.
973 4030 1112 4091 cadavera
1129 4041 1222 4091 antem

165 4129 251 4189 pmpe
268 4114 369 4174 altaria
389 4132 448 4174 non
467 4118 648 4191 sepeliantur.

1074 4238 1113 4305 10
