2782 4696
303 229 347 294 70

567 333 714 409 illuto
745 332 1083 411 ltth'lS'l'thDt

318 539 848 635 SACRAMENTUM
876 538 1334 638 lttltumttwuu

654 752 999 811 m«

300 898 457 1017 Seuere»
473 958 509 1014 ad
530 954 699 1014 aethmun
716 954 926 1013 mitiorem
941 964 1071 1027 teum,
1088 968 1270 1032 mpun,
1284 960 1345 1018 firi·

300 1044 1346 1122 tamueaepmueetmeprtmqmmadmdtueumtsmpu

299 1144 450 1208 suppetat,
466 1133 503 1192 ed
521 1133 575 1191 hoe
592 1132 1344 1206 ministerinmreetennehqneohrendn,dirinn

298 1225 435 1282 auxilium
452 1224 508 1296 piie
524 1221 654 1296 pretium
669 1220 841 1293 implorabit

335 1311 743 1380 lnlieeleeia,noneutemin
760 1310 873 1382 privatin
888 1308 1013 1378 mum,
1029 1310 1343 1379 minimorum,

298 1400 354 1458 niel
374 1416 407 1457 ex
425 1414 510 1457 eausa
533 1397 712 1465 rationabili,
733 1413 797 1470 qun
817 1413 881 1455 oum
903 1397 1052 1467 inrident,
1076 1399 1192 1459 udat
1211 1400 1343 1459 tamenil

298 1486 407 1546 deeenti
424 1503 457 1544 ae
478 1485 581 1559 petenti
599 1485 662 1542 loeo
676 1493 816 1558 praetere.

336 1575 445 1633 liabent
455 1576 486 1632 in
496 1572 1345 1646 ueelmaoedeneonteeriomlenmqmmtuntnm

297 1677 350 1719 nee
366 1663 501 1735 excipiet,
520 1676 591 1735 qnae
608 1658 688 1717 eodm
704 1659 1008 1733 pateameomptmo,
1021 1670 1052 1718 et
1066 1670 1134 1734 apto
1149 1662 1344 1721 wehtae)

298 1750 406 1822 posita,
418 1757 495 1808 erate
506 1747 642 1822 perforata
655 1748 728 1805 tuto
743 1748 1341 1821 pntnnoemetsaeerdetmhinooen

350 1838 573 1912 Superpellieeo,
593 1844 622 1894 et
640 1837 711 1893 stola
726 1836 841 1894 riolaeei
860 1836 961 1895 oolorle
978 1845 1094 1906 utetur,
1114 1846 1202 1911 prout
1217 1846 1341 1912 tempu,

297 1927 341 1984 rel
359 1926 484 1984 looorum
500 1925 570 1983 feret
584 1923 766 1983 eonsuemdo.

353 2015 635 2085 Poenitene,aioput
649 2012 751 2082 luerit,
773 2012 958 2071 admonentur
971 2022 1007 2072 nt
1020 2030 1078 2088 qne
1094 2013 1178 2075 deaet
1192 2014 1342 2077 mutue

299 2104 402 2161 mentia
414 2110 443 2160 et
453 2102 565 2160 habitus
584 2101 715 2173 accedat,
726 2110 755 2159 et
767 2102 846 2159 derit
857 2101 977 2175 genihue
985 2104 1068 2176 tigno
1076 2104 1178 2161 &nde
1186 2118 1220 2163 n
1231 2104 1340 2161 munim

349 2192 413 2247 lior
423 2189 612 2247 confutarim
623 2189 746 2262 inquirat
756 2188 792 2247 de
804 2190 883 2247 illiue
893 2197 984 2258 statu,
994 2190 1050 2247 niti
1059 2190 1340 2256 eliternotttssutrit,

297 2287 326 2336 et
344 2276 536 2351 quampridem
554 2278 592 2333 eit
606 2275 769 2345 censemus,
783 2285 811 2334 et
827 2293 865 2334 an
877 2278 1035 2351 impetitum
1052 2278 1249 2351 punitentiam
1264 2276 1343 2336 adiu¹

297 2365 431 2439 plererit3
448 2381 516 2422 num
539 2365 591 2420 rite
608 2373 691 2436 atque
708 2365 816 2438 integre
833 2364 904 2422 eliae
920 2364 1065 2423 oontemue
1080 2364 1165 2423 luerit
1175 2384 1185 2433 ς
1196 2381 1270 2423 num
1286 2380 1343 2422 eon·

295 2453 440 2510 erientiam
457 2466 557 2520 auam,
575 2461 608 2508 ut
624 2450 725 2519 dehet,
748 2452 826 2525 prim
844 2450 994 2525 diligenter
1011 2451 1183 2511 diaeunoeit

348 2539 430 2613 Quod
441 2542 465 2598 ei
478 2541 615 2612 poenitem
626 2541 719 2614 aliqua
730 2556 848 2599 eeneura
858 2583 867 2610 ,
879 2541 922 2598 rel
939 2556 1005 2598 eam
1023 2548 1160 2598 retemta
1175 2540 1215 2597 eit
1232 2540 1341 2613 ligem,

296 2629 453 2700 aquoipee
471 2643 528 2684 non
548 2629 635 2700 poerit
651 2627 813 2697 aheolrere,
833 2644 892 2685 uon
909 2627 1053 2697 aheolrat,
1069 2628 1126 2683 niti
1144 2628 1225 2699 priua
1237 2628 1342 2687 obtenta

296 2712 429 2773 laenitate
448 2731 464 2773 a
480 2715 635 2787 Superiore.

349 2802 379 2858 si
389 2818 452 2859 rero
461 2802 673 2872 Coniesaariue,
691 2818 741 2876 pro
759 2818 939 2875 personarum
950 2802 1102 2875 qualitate,
1119 2803 1341 2877 eugnoruitpoe·

296 2890 432 2947 nitentem
450 2892 578 2961 ignorare
589 2890 753 2949 Christiane
769 2890 833 2948 fidei
848 2889 1007 2948 rudimenta
1020 2891 1064 2959 ,ei
1078 2899 1189 2965 tempu·
1205 2896 1340 2966 nppeat,

296 2992 361 3034 eum
380 2978 498 3036 breviter
516 2981 635 3037 instruat
652 2979 687 3036 de
707 2979 832 3037 articulis
856 2978 957 3048 Fidei,
976 2988 1004 3036 et
1022 2979 1086 3037 aliie
1101 2976 1140 3037 ed
1157 2980 1279 3039 telum
1301 2994 1342 3037 ea·

296 3066 378 3136 gnita
396 3067 575 3135 neomariie,
596 3075 624 3124 et
641 3068 827 3140 ignorantiam
845 3066 906 3140 ejue
922 3066 1075 3139 eorripiat,
1096 3066 1238 3141 illumque
1252 3066 1342 3127 edno-

296 3160 383 3221 neat,
401 3162 435 3210 ut
452 3169 484 3211 ea
505 3154 680 3226 postmodum
704 3155 867 3228 diligentius
886 3152 1021 3213 eddieeat.

348 3242 420 3298 Tum
444 3242 580 3312 poenitena
599 3241 805 3300 consertionem
825 3243 981 3314 generalem
995 3242 1082 3301 latina
1092 3283 1101 3312 ,
1113 3241 1157 3300 rel
1170 3242 1281 3317 vulgari
1292 3241 1342 3298 lin·

295 3343 352 3401 gua
370 3327 468 3385 dicat:
491 3330 597 3386 scilieet
623 3332 787 3404 Corfitmr,
808 3335 862 3387 ete.
882 3331 926 3388 tel
942 3331 1042 3389 saltem
1059 3338 1157 3389 utatur
1174 3330 1222 3389 hie
1238 3330 1341 3389 rerhie:

296 3415 441 3488 Cotfiteor
463 3422 523 3472 Deo
548 3421 759 3490 omnipotenti,
778 3421 809 3474 el
824 3418 898 3487 tibi,
918 3422 1017 3490 poter.
1042 3420 1157 3476 Peneuta
1181 3434 1236 3477 tue
1252 3415 1345 3476 mede

295 3503 473 3572 eonllteetur,
492 3504 657 3578 adjurante,
677 3508 903 3578 quotiescumque
921 3521 993 3579 opue
1003 3504 1102 3576 hrerit,
1117 3505 1287 3575 Seoudote,
1299 3505 1344 3578 qui

295 3591 472 3651 oondtentem
494 3610 552 3651 non
570 3594 770 3667 reprehendet,
783 3596 838 3653 niti
850 3595 948 3664 linita,
964 3603 998 3653 ut
1013 3594 1120 3653 dinewr
1132 3636 1142 3664 ,
1154 3594 1343 3659 coniminum

295 3695 384 3752 neque
408 3681 619 3754 interpellabit,
640 3682 694 3740 nisi
715 3698 785 3756 opue
808 3682 892 3741 fuerit
916 3681 1023 3756 aliquid
1045 3681 1147 3740 mellue
1168 3682 1343 3756 intelligere:

295 3768 410 3840 proinde
435 3768 566 3828 ildariam
584 3771 609 3827 ei
629 3771 772 3843 praebeat,
793 3779 822 3828 et
848 3771 1006 3828 humaniter
1031 3778 1182 3843 suggerat,
1201 3779 1236 3828 ut
1255 3769 1346 3828 omnia

296 3863 406 3927 peecata
424 3870 474 3912 aua
494 3857 545 3913 rite
563 3865 592 3913 et
609 3857 714 3930 integre
732 3857 917 3927 confiteatur,
934 3865 1038 3914 remota
1056 3857 1143 3914 stulta
1157 3858 1205 3914 illa
1217 3872 1346 3931 quorum-

295 3940 359 3999 dam
377 3944 561 4014 uerecundia,
579 3961 633 4019 qua
651 3945 814 4021 praepediti,
832 3944 966 4004 suadente
982 3944 1114 4014 diaholo,
1129 3954 1243 4018 peecata
1261 3944 1344 4003 eond-

294 4030 347 4088 teri
370 4046 427 4089 uon
451 4031 563 4089 audent.
