2782 4696
329 247 377 311 De
399 245 579 314 visitatione
603 260 632 317 ot
657 271 732 318 suro
756 251 970 320 infirmorum.
1121 256 1182 319 ii9

186 372 358 454 ,Quoniam
379 398 514 463 magnos
536 400 570 447 es
591 388 649 462 tu,
673 388 704 445 et
725 381 844 445 faciens
865 379 1043 446 mirabilia:
1061 368 1074 394 ⁴
1092 387 1128 446 tu
1150 400 1185 446 es

147 500 213 548 ons
232 485 333 550 solus.

190 582 307 656 Deduc
321 609 390 673 me,
406 592 558 674 Domine,
575 594 609 657 in
624 594 677 657 vio
690 600 762 671 tuo,
779 597 812 655 et
825 592 987 674 ingredior
999 593 1033 656 in
1048 591 1184 665 sentite

147 712 204 761 rr:
220 684 372 762 *letetur
392 716 451 763 eor
472 717 599 780 meum,
623 705 661 764 ut
681 700 793 763 timent
815 717 931 763 nomen
953 705 1057 764 tuum.

192 791 386 868 Coniitebor
406 803 488 884 tibi,
512 805 668 886 Domine,
691 806 777 869 Deus
799 824 911 886 mens,
935 805 969 869 in
991 810 1063 868 toto
1085 803 1183 884 corde

147 924 217 989 too,
238 897 299 973 ‘ot
320 908 508 992 glorificabo
531 928 649 975 nomen
670 918 762 976 tuum
784 912 818 976 in
840 911 1003 975 eternum.

189 1003 279 1079 Quis
292 1015 512 1081 misericordia
526 1023 582 1081 tna
600 1034 715 1099 magno
732 1023 780 1082 est
795 1035 892 1100 super
907 1034 979 1080 me:
997 1012 1005 1032 ¹
1028 1021 1060 1079 et
1075 1016 1183 1081 eruisti

147 1113 263 1183 nimam
284 1137 388 1184 meam
410 1140 448 1186 ex
470 1120 597 1186 inferno
619 1122 774 1187 inferiori.

192 1215 303 1309 ¹)ens,
321 1226 423 1310 iniqui
438 1229 677 1294 insurrexerunt
690 1248 787 1314 super
801 1247 852 1294 me
865 1276 875 1311 ‚
892 1236 924 1294 et
939 1232 1104 1312 synagoge
1119 1249 1183 1314 po·

147 1331 263 1397 mtium
283 1333 477 1415 quesierunt
490 1334 628 1399 inimum
642 1352 765 1399 meam:
784 1328 795 1349 “
815 1341 848 1399 et
866 1354 931 1400 non
946 1336 1185 1419 proposuerunt

147 1456 159 1503 r
177 1439 214 1503 in
236 1439 413 1522 oonspoetu
434 1455 506 1504 ooo.

190 1531 496 1627 Ettu,1)omine,
520 1547 605 1612 Deus
626 1548 792 1612 miseritor
815 1553 846 1611 et
868 1548 1065 1613 misericors:
1090 1538 1182 1634 *pi-

147 1651 232 1734 iu,
257 1657 292 1716 et
312 1651 421 1717 multm
441 1651 685 1731 misericordie,
710 1658 742 1716 et
762 1671 870 1718 verer.

196 1743 331 1842 Respice
351 1759 386 1823 in
407 1777 479 1837 me,
506 1765 539 1823 et
557 1759 705 1834 miserere
720 1760 803 1823 mei:
826 1746 895 1823 'do
908 1762 1077 1845 imperium
1092 1767 1185 1827 tunm

147 1862 230 1929 mero
252 1870 334 1944 tuo,
358 1871 392 1929 et
413 1865 536 1929 salvum
551 1864 603 1929 iso
619 1863 722 1929 fllium
745 1866 866 1930 aneillae
888 1872 961 1930 tum.

199 1953 261 2036 Fae
276 1990 403 2036 mecum
419 1973 545 2054 signum
566 1972 600 2035 in
621 1971 764 2053 bonum,
782 1977 819 2037 ut
832 1972 961 2037 videant
976 1974 1032 2057 qni
1047 1972 1185 2038 oderunt

147 2093 201 2156 ne,
224 2084 257 2142 et
279 2077 541 2143 confundentur:
565 2058 745 2162 ‘quonism
767 2084 828 2160 tu,
850 2079 1010 2160 Domine,
1036 2078 1184 2162 adjuvisti

147 2198 205 2263 ne,
230 2190 264 2248 et
285 2183 469 2249 consoletur
491 2203 526 2248 es
547 2202 610 2249 me.

200 2272 309 2353 troes
329 2291 437 2369 rori,
461 2296 524 2354 ete.

200 2372 234 2448 ft·
251 2395 407 2459 Dominus
423 2394 600 2459 vobiscum.

200 2489 233 2568 fi·
253 2501 294 2564 Et
315 2518 389 2564 oum
410 2501 525 2584 spiritu
545 2505 616 2563 tuo.

157 2650 168 2679 .
201 2586 234 2661 t·
256 2607 426 2689 sequentia
447 2607 549 2672 sanari
571 2605 732 2688 Evangelii
753 2604 926 2669 secondum
949 2607 1115 2675 roronem.

200 2701 235 2781 ‘t-
254 2711 366 2776 orofra
384 2712 468 2794 tor,
492 2713 638 2776 nomine.

583 2857 674 2921 Joen.
703 2858 732 2917 5ss

147 3031 269 3201 Billo
288 3031 456 3114 tempore:
483 3029 558 3092 Erat
579 3028 645 3093 dies
665 3028 765 3092 festus
778 3028 982 3108 Judaeornm,
998 3035 1032 3092 et
1044 3028 1185 3094 aseendit

194 3155 267 3202 esus
279 3136 526 3218 lerosolymam.
545 3137 601 3199 Est
614 3140 720 3199 autem
732 3135 940 3217 ierosolymis
953 3134 1123 3200 Probitioo
1135 3137 1185 3219 pi·

147 3237 233 3324 etis,
246 3261 319 3326 qum
329 3243 573 3325 cognominetur
586 3241 743 3306 Hebrtioe
754 3240 937 3320 Bethmids,
954 3242 1097 3325 quinque
1108 3242 1187 3326 por·¹

147 3347 214 3414 teus
225 3347 359 3413 habens.
378 3349 417 3411 In
430 3347 481 3412 his
490 3345 614 3430 jooebot
628 3346 801 3412 multitrido
816 3364 932 3429 magno
946 3347 1183 3431 languentium,

147 3444 308 3534 meorum,
325 3452 532 3534 claudorum,
556 3452 739 3533 aridorum,
758 3454 993 3537 experientium
1007 3471 1097 3537 aqum
1112 3470 1184 3516 mo-

147 3573 210 3625 ιιι.
232 3558 375 3642 Angelus
396 3563 504 3622 nutem
525 3558 654 3622 Domini
675 3557 890 3623 dosoendebot
911 3555 1084 3623 seerindnm
1099 3562 1183 3622 iem-

147 3680 190 3730 ιι
202 3650 431 3749 in'pisoinsm‚
447 3669 480 3728 et
499 3663 689 3727 movebitur
704 3682 798 3748 aquo.
817 3667 856 3729 Et
872 3664 929 3748 qui
944 3664 1034 3748 prior
1049 3662 1183 3729 deseen-

147 3768 226 3837 trost
236 3771 273 3836 in
285 3771 440 3855 piscinam
451 3775 526 3855 post
539 3771 715 3834 motionem
731 3789 839 3854 equo,
855 3788 950 3835 sonus
963 3769 1091 3834 fitbsta
1106 3755 1202 3853 quo·¹

147 3875 267 3961 rimqne
283 3875 486 3942 detinebitur
508 3875 703 3941 infirmitite.
720 3878 796 3940 Erst
818 3883 924 3941 autem
940 3874 1070 3959 quidem
1086 3875 1184 3940 homo

147 3982 202 4063 ι’,.
214 3981 347 4066 triginti
366 3988 399 4047 ot
413 3988 488 4047 octo
505 3999 605 4048 annos
617 3981 739 4047 hebens
754 3983 789 4047 in
806 3981 990 4047 infirmitate
1006 4000 1073 4046 sus.
1090 3969 1203 4046 Hono

147 4076 201 4154 'nr
221 4085 356 4153 vidisset
375 4083 468 4155 Iesus
486 4087 664 4172 jooeotem,
687 4094 719 4153 et
741 4089 944 4171 cognovisset
960 4088 1036 4172 quio
1048 4087 1184 4152 multum
