2782 4696
495 290 537 348 lte
564 288 827 350 l‘rsnrssionilnrs.

562 535 765 616 ORDO

222 775 401 838 Serrarnlns
426 777 455 837 in
482 775 674 838 litaniarum
697 775 852 857 ltlajornm
877 779 1096 852 Processere,

364 899 432 962 qum
455 883 485 943 in
511 883 590 942 festo
613 902 640 942 s.
659 884 754 944 llarri
779 883 966 945 (clamatur.

537 1084 803 1145 m

147 1243 321 1430 Cieros,
346 1358 377 1415 et
401 1353 539 1436 populns
556 1352 634 1416 lrora
655 1359 786 1434 statuta,
812 1374 901 1417 mane
918 1357 949 1419 in
965 1357 1100 1421 Ecclesia
1113 1377 1189 1423 con-

147 1460 282 1540 gregati,
313 1477 422 1521 omnes
444 1461 583 1522 corrtrito
609 1467 641 1522 et
664 1460 777 1522 humili
799 1460 895 1524 eorde
911 1462 1013 1523 Deum
1029 1463 1116 1525 sseais
1132 1481 1190 1545 gc·

147 1561 231 1625 nibus
246 1561 410 1645 paulisper
425 1571 607 1645 precentur.
627 1564 779 1629 Sacerdos
794 1564 924 1647 pluviali
942 1583 1013 1626 enm
1029 1567 1189 1647 ministris,

147 1669 189 1730 rel
210 1667 324 1730 saltem
348 1670 574 1751 superpelliceo
596 1678 627 1732 et
650 1671 732 1733 stola
754 1670 886 1732 violacei
909 1670 1026 1732 coloris
1042 1671 1083 1732 sit
1098 1671 1192 1735 indn-

147 1778 210 1836 tus:
237 1773 329 1855 cnjus
350 1775 469 1838 eoloris
490 1775 600 1839 habita
626 1776 659 1838 in
681 1776 811 1857 reliquis
833 1775 1091 1840 Processionibus
1108 1795 1192 1839 sem·

147 1898 195 1960 [rer
216 1887 346 1956 utatur,
374 1888 584 1963 praeterquam
610 1885 641 1944 in
665 1882 922 1947 Processionibus
938 1883 1089 1964 Corporis
1104 1883 1193 1946 Chri-

147 1987 198 2066 sti,
233 1993 265 2048 ct
294 2005 365 2067 qnae
392 1988 474 2050 finnt
500 1989 693 2051 solemnibus
715 1988 845 2066 (licitus,
871 1989 922 2051 rel
954 1991 987 2051 in
1019 1990 1191 2069 gratiarum

147 2093 318 2171 sctioocn13
344 2093 458 2175 quibus
481 2095 591 2157 diebus
604 2098 703 2157 utitur
720 2096 827 2158 colore
843 2096 979 2177 propria.
999 2095 1192 2158 solemnitati

147 2199 338 2278 congruenti.
370 2201 478 2262 Caeteri
507 2219 581 2262 vero
610 2201 792 2264 Sacerdotes
818 2208 849 2263 et
872 2202 984 2265 Clerici
1008 2200 1193 2282 superpelli-

147 2303 200 2366 reis
222 2302 347 2381 induti,
371 2313 554 2387 sequentem
578 2307 791 2388 antiphonam
814 2315 931 2370 stantes
954 2307 1133 2370 concinant.

196 2566 1118 2645 -——'-

176 2636 1119 2775 Γ-ΙΙΙὶι-..Η
1170 2708 1176 2721 ,

186 2837 459 2922 Antllnnge
505 2835 711 2920 nomine,
765 2832 807 2901 td
862 2831 972 2919 juva
1041 2849 1125 2913 nos,

277 3263 310 3323 et
352 3258 377 3325 n
436 3258 478 3324 ho
520 3276 558 3323 ra
604 3275 664 3324 nos
707 3261 863 3343 propter
915 3274 959 3321 no
1047 3270 1121 3318 men

173 3404 478 3542 affl
600 3394 1196 3601 {affl

254 3685 293 3744 tn
345 3696 411 3747 um.
448 3682 499 3742 rs.
526 3681 574 3742 De
604 3677 706 3745 usta
748 3675 849 3742 ribus
891 3692 935 3740 no
974 3671 1048 3739 stris
1084 3688 1146 3738 au·

174 3826 914 3963 ram-...-

258 4098 292 4164 dl
336 4101 452 4167 vimus:
483 4102 529 4166 Pa
570 4105 637 4166 tros
665 4096 767 4163 nostri
811 4094 982 4164 annunti
1013 4093 1102 4161 art-
