2812 5070
78 39 1402 295 m

304 660 369 723 230
669 651 788 713 itituaic
815 652 1002 712 itomanam.

301 786 398 850 statio
416 784 572 852 immundi
591 787 721 870 spiritns
742 785 910 871 abigour,
935 789 1103 873 terrorque
1126 789 1283 855 venenosi
1297 808 1360 856 sar-

301 891 408 974 pansis
428 891 542 974 procul
563 892 722 978 pellatur,
743 899 775 957 ct
792 894 959 976 prasentia
980 895 1087 960 Sanni
1105 896 1245 980 Spiritus
1265 895 1358 962 nobis

303 997 552 1063 miscricordiam
570 1004 658 1064 tuam
678 999 905 1082 posccntibua,
929 1000 1050 1085 ubique
1071 1001 1179 1069 adcase
1197 1003 1355 1089 dignetur.

303 1103 365 1166 Per
387 1103 571 1168 Dominum.
595 1102 630 1167 in
652 1105 773 1170 unitate
794 1105 937 1188 ejusdcm
957 1109 1203 1192 Spiritus,.ctc.

372 1204 449 1266 Post
469 1199 724 1265 benedictionem
746 1201 863 1281 siquae,
885 1195 1038 1261 Sacerdos
1057 1194 1237 1261 Dominicis
1252 1190 1360 1258 diebus

307 1315 474 1391 antequam
491 1308 623 1390 incipiat
644 1307 793 1386 Missam,
817 1306 956 1387 aspergit
976 1303 1105 1379 altare,
1130 1299 1245 1367 dcinda
1266 1319 1314 1377 se,
1333 1308 1361 1362 ct

306 1417 488 1493 ministros,
513 1433 549 1477 ac
572 1415 749 1494 populum,
775 1420 873 1494 prout
894 1414 927 1474 in
951 1410 1065 1473 Missali
1091 1407 1317 1492 prascribitur.

373 1523 485 1583 Postea
506 1519 732 1583 Cirrisiiiidclcs
750 1525 885 1601 possunt
901 1518 940 1581 da
955 1517 1015 1581 ista
1034 1517 1128 1598 Aqua
1150 1513 1358 1578 benedictam

305 1627 441 1690 vasculis
463 1629 528 1690 suis
551 1629 717 1709 accipcnc,
745 1633 777 1689 ct
803 1644 909 1689 secum
935 1623 1059 1688 dcicrre
1084 1620 1127 1686 ad
1150 1619 1359 1703 aspergendos

306 1752 432 1816 regnos,
456 1735 595 1813 donnas,
620 1753 739 1816 agros,
764 1734 897 1812 vineas,
922 1738 954 1796 ct
975 1732 1058 1810 alia,
1083 1736 1114 1793 ct
1143 1727 1185 1793 ad
1212 1745 1283 1792 eam
1304 1726 1357 1790 bu·

306 1840 443 1905 bendum
461 1844 491 1904 in
510 1840 665 1907 cubiculis
687 1842 752 1906 suis
768 1888 778 1922 ,
800 1848 838 1906 ut
851 1860 888 1905 ca
903 1838 1049 1924 quotidie
1064 1844 1098 1901 ct
1113 1837 1230 1920 sapius
1243 1833 1359 1918 aspergi

307 1950 442 2030 possint.

557 2110 801 2177 uanunlcrlo
824 2111 1101 2176 connutritus

425 2234 520 2297 Extra
542 2230 625 2297 diem
648 2228 885 2296 Purificanons
907 2230 944 2291 B.
970 2226 1076 2292 Mariae
1098 2224 1252 2309 Virginis.

374 2370 410 2448 p,
437 2355 641 2442 Acb'utorium
664 2363 810 2421 nostrum
831 2357 863 2421 in
885 2357 1015 2422 nominc
1031 2357 1176 2423 Domini.

373 2482 411 2562 sp,
437 2464 499 2544 Qui
520 2463 597 2529 fecit
618 2463 733 2530 coelum
756 2470 788 2529 et
809 2471 939 2528 tcrrarn⁸

373 2578 410 2655 p,
433 2571 589 2635 Dominus
610 2570 787 2636 vobiscum.

373 2691 410 2771 p.
435 2677 476 2742 Et
497 2695 571 2742 cum
589 2677 705 2761 spiritu
726 2684 797 2742 tuo.

761 2794 905 2859 oremus.

387 2890 492 2956 cimina
505 2889 581 2955 Jaau
596 2889 739 2971 Christe,
762 2891 823 2954 Fili
844 2891 903 2956 uei
926 2889 1017 2973 vivi,
1038 2890 1121 2956 bane
1151 2905 1185 2972 ἦ.
1210 2890 1264 2957 oia
1286 2909 1358 2956 con-

388 2994 474 3062 dclas
496 2996 571 3060 istas
592 2995 878 3079 supplicationibus
899 2997 1036 3062 nostris:
1062 2995 1195 3062 infundo
1210 2997 1276 3077 ais,
1293 2997 1359 3061 Do-

304 3103 389 3168 mino
397 3149 407 3184 ‚
425 3121 484 3190 par
498 3102 652 3168 virtutem
665 3109 780 3168 sancta
796 3103 859 3169 Cru
889 3118 921 3184 tp
948 3104 1012 3184 cis,
1029 3102 1288 3168 benedictionem
1300 3121 1359 3167 cca·

303 3208 436 3290 lassam,
454 3208 512 3292 qui
527 3227 579 3273 eas
598 3208 640 3274 ad
654 3207 849 3292 repellendas
862 3208 1011 3274 tinobras
1023 3209 1164 3275 humano
1178 3208 1290 3291 genui
1303 3207 1359 3273 tri·

304 3312 419 3395 buisti;
431 3315 591 3398 totamque
604 3313 858 3381 banchctioncm
872 3315 1038 3398 signaculo
1049 3321 1166 3381 sancta
1178 3315 1244 3381 cru
1268 3328 1301 3392 »p
1316 3314 1359 3378 cis

305 3420 480 3504 accipiant,
501 3428 538 3485 ut
554 3421 808 3506 quibuscamque
821 3422 901 3486 locis
914 3423 1070 3503 acocnsae,
1085 3421 1154 3487 sire
1165 3420 1282 3506 posita
1294 3419 1359 3484 inc·

305 3527 392 3607 rint,
418 3524 580 3591 disccdant
602 3529 762 3612 principes
786 3527 1009 3610 tenebrarum,
1037 3534 1069 3592 et
1092 3529 1355 3605 contremiscent,

305 3637 339 3697 ct
353 3631 479 3716 fugiant
492 3633 602 3719 pavidi
616 3652 691 3698 cum
707 3633 857 3700 omnibus
875 3636 1027 3700 ministris
1046 3635 1111 3700 suis
1126 3631 1169 3699 ab
1184 3632 1357 3700 habitatio·

304 3738 400 3804 nibus
421 3739 506 3822 iliis,
530 3758 590 3806 nco
610 3742 803 3824 prasimant
824 3742 959 3825 amplius
980 3741 1180 3826 inquietin,
1213 3747 1271 3807 ant
1293 3757 1358 3805 rno-

302 3845 418 3912 leaoe
439 3847 607 3912 ornantes
626 3846 689 3912 aar
711 3847 925 3932 omnipotenti
945 3848 1026 3913 neo.
1052 3848 1114 3929 Qui
1136 3830 1238 3932 ava,
1259 3852 1293 3913 et
1306 3864 1355 3911 rs

304 3968 385 4033 gaas
405 3953 439 4017 in
461 3953 574 4019 saccula
594 3953 795 4018 saeculcirum.
847 3962 882 4041 κ).
909 3955 1023 4019 Amen.

596 4112 840 4180 BENEDICTIO
861 4111 1070 4180 concubit

591 4256 628 4319 In
651 4254 786 4321 Sabbata
804 4257 918 4321 Sancto
935 4255 1072 4321 Paschae.

303 4394 520 4562 parochus,
540 4413 595 4461 sau
613 4394 692 4460 alius
709 4395 876 4473 Sacerdos,
895 4397 1126 4482 superpelliceo
1143 4404 1177 4464 ct
1192 4397 1276 4464 stola
1292 4393 1357 4463 alba

367 4501 515 4583 indutus,
539 4521 613 4569 curn
634 4504 780 4569 ministro
804 4503 964 4569 deferente
985 4523 1041 4571 aas
1063 4523 1153 4589 aquae
1173 4523 1212 4571 ex
1233 4502 1358 4570 benedi·
